@article{CMS:TOP-11-013,
author = {{CMS Collaboration}},
title = {Measurement of differential top-quark pair production cross sections in pp colisions at $\sqrt{s}=$ 7 TeV},
year = {2012},
journal = {The European Physical Journal C},
volume = {73},
number = {2339},
doi = {10.1140/epjc/s10052-013-2339-4}
}
@article{CMS:TOP-12-028,
author = {{CMS Collaboration}},
title = {Measurement of the differential cross section for top quark pair production in pp collisions at $\sqrt{s}=$ 8 TeV},
journal = {The European Physical Journal C},
year = {2015},
volume = {75},
number = {542},
doi = {10.1140/epjc/s10052-015-3709-x}
}
@article{CMS:TOP-14-012,
author = {{CMS Collaboration}},
title = {Measurement of the integrated and differential $t\overline{t}$ production cross sections for high-$p_\text{T}$ top quarks in $pp$ collisions at $\sqrt{s}=$ 8 TeV},
year = {2016},
journal = {Physical Review D},
volume = {94},
number = {072002},
doi = {10.1103/PhysRevD.94.072002}
}
@article{CMS:TOP-12-042,
author = {{CMS Collaboration}},
title = {Measurement of the differential cross sections for top quark pair production as a function of kinematic event variables in pp collisions at $\sqrt{s}=$ 7 and 8 TeV},
journal = {Physical Review D},
year = {2016},
volume= {94},
number = {052006},
doi = {10.1103/PhysRevD.94.052006}
}
@article{CMS:TOP-16-008,
author = {{CMS Collaboration}},
title = {Measurement of differential cross sections for top quark pair production using the lepton+jets final state in proton-proton collisions at 13 TeV},
year = {2017},
journal = {Physical Review D},
volume = {95},
number = {092001},
doi = {10.1103/PhysRevD.95.092001}
}
@article{CMS:TOP-14-013,
author = {{CMS Collaboration}},
title = {Measurement of double-differential cross sections for top quark pair production in pp collisions at $\sqrt{s}=$ 8 TeV and impact on parton distribution functions},
year = {2017},
journal = {The European Physical Journal C},
volume = {2017},
issue = {77},
number = {459},
doi = {10.1140/epjc/s10052-017-4984-5}
}
@article{CMS:TOP-16-007,
author = {{CMS Collaboration}},
title = {Measurement of normalized differential $t\overline{t}$ cross sections in the dilepton channel from pp collisions at $\sqrt{s}=$ 13 TeV},
journal = {Journal of High Energy Physics},
year = {2018},
volume = {2018},
issue = {4},
number = {60},
doi = {10.1007/JHEP04(2018)060}
}
@article{CMS:TOP-16-014,
author = {{CMS Collaboration}},
title = {Measurements of differential cross sections of top quark pair production as a function of kinematic event variables in proton-proton collisions at $\sqrt{s}=$ 13 TeV},
journal = {Journal of High Energy Physics},
year = {2018},
volume = {2018},
issue = {6},
number = {2},
doi = {10.1007/JHEP06(2018)002}
}
@article{CMS:TOP-17-002,
author = {{CMS Collaboration}},
title = {Measurement of differential cross sections for the production of top quark pairs and of additional jets in lepton+jets events from pp collisions at $\sqrt{s}=$ 13 TeV},
year = {2018},
journal = {Physical Review D},
volume = {97},
number = {112003},
doi = {10.1103/PhysRevD.97.112003}
} 
@article{CMS:TOP-17-014,
author = {{CMS Collaboration}},
title = {Measurements of $t\overline{t}$ differential cross sections in proton--proton collisions at $\sqrt{s}=$ 13 TeV using events containing two leptons},
journal = {Journal of High Energy Physics},
year = {2018},
volume = {2018},
issue = {2},
number = {149},
doi = {10.1007/JHEP02(2019)149},
}
@article{CMS:TOP-18-004,
author = {{CMS Collaboration}},
title = {Measurement of $t\overline{t}$ normalised multi-differential cross sections in $pp$ collisions at $\sqrt{s}=$ 13 TeV, and simultaneous determination of the strong coupling strength, top quark pole mass, and parton distribution functions},
year = {2019},
archivePrefix = {arXiv},
eprint = {1904.05237}
}
@techreport{CMS-PAS-TOP-16-013,
institution = {CERN},
collaboration = {{CMS Collaboration}},
title = {{Measurement of the $t\overline{t}$ production cross section at 13 TeV in the all-jets final state}},
number = {{CMS-PAS-TOP-16-013}},
year = {2016},
reportNumber = {CMS-PAS-TOP-16-013},
url = {https://cds.cern.ch/record/2161138},
}