@misc{LHCFacts2,
title = {Facts and figures about the LHC},
author = {CERN},
url = {https://home.cern/resources/faqs/facts-and-figures-about-lhc},
urldate = {13/07/2019}
}
@inproceedings{LHCInjectorChain,
title = {The Injector Chain for the LHC},
author = {Schindl, K.},
url = {https://cds.cern.ch/record/384396},
booktitle = {Proceedings of the 9th LEP-SPS Performance Workshop, Chamonix, France},
year = {1999},
pages = {47--52}
}
@misc{CERNComplex,
title = {The CERN Accelerator Complex},
author = {CERN},
url = {https://cds.cern.ch/record/2636343},
urldate = {13/07/2019}
}
@article{LHC,
title = {LHC Machine},
author = {Evans, L. and Bryant, P.},
year = {2008},
journal = {Journal of Instrumentation},
publisher = {IOP Publishing and SISSA},
volume = {3},
number = {S08001},
doi = {10.1088/1748-0221/3/08/S08001}
}
@misc{LHCMagnets,
title = {Pulling together: Superconducting electromagnets},
author = {CERN},
url = {https://home.cern/science/engineering/pulling-together-superconducting-electromagnets},
urldate = {13/07/2019}
}
@misc{LHCFacts,
title = {The Large Hadron Collider},
author = {CERN},
url = {https://home.cern/science/accelerators/large-hadron-collider},
urldate = {13/07/2019}
}
@article{Baynham1994,
title = {Design of Superconducting Corrector Magnets for LHC},
author = {Baynham, D. E. and Coombs, R. C. and Ijspeert, A and Perin, R},
journal = {IEEE Transactions on Magnetics},
volume = {30},
issue = {4},
year = {1994},
pages = {1823--1826},
publisher = {IEEE},
doi = {10.1109/20.305617}
}
@misc{LHCCryo,
title = {Cryogenics: Low temperatures, high performance},
author = {CERN},
url = {https://home.cern/science/engineering/cryogenics-low-temperatures-high-performance},
urldate = {13/07/2019}
}
@inproceedings{LHCRF,
title = {The LHC Superconducting RF System},
author = {Boussard, Daniel and Linnecar, Trevor Paul R},
booktitle = {Joint Cryogenic Engineering Conference and International Cryogenic Materials Conference},
year = {1999},
url = {https://cdsweb.cern.ch/record/410377}
}
@article{CMS,
author = {{CMS Collaboration}},
title = {{The CMS experiment at the CERN LHC}},
journal = {Journal of Instrumentation},
year = {2008},
volume = {3},
number = {S08004},
doi = {10.1088/1748-0221/3/08/S08004},
publisher = {IOP Publishing and SISSA}
}
@article{LHCb,
author = {{LHCb Collaboration}},
title = {{The LHCb Detector at the LHC}},
journal = {Journal of Instrumentation},
year = {2008},
volume = {3},
number = {S08005},
doi = {10.1088/1748-0221/3/08/S08005},
publisher = {IOP Publishing and SISSA}
}
@article{ALICE,
author = {{ALICE Collaboration}},
title = {{The ALICE experiment at the CERN LHC}},
journal = {Journal of Instrumentation},
year = {2008},
volume = {3},
number = {S08002},
doi = {10.1088/1748-0221/3/08/S08002},
publisher = {IOP Publishing and SISSA}
}
@misc{LHCFirstCollisions,
title = {CERN sets date for first attempt at 7 TeV collisions in the LHC},
author = {CERN},
url = {https://home.cern/news/press-release/cern/cern-sets-date-first-attempt-7-tev-collisions-lhc},
urldate = {13/07/2019}
}
@misc{ATLASFirstCollisions,
url = {https://atlas.cern/updates/atlas-news/first-collisions-atlas},
urldate = {13/07/2019},
title = {First collisions in ATLAS},
author = {Cirilli, Manuela and Barnett, Michael}
}
@inproceedings{Herr,
author = {Herr, Werner and Muratori, B},
title = {Concept of luminosity},
booktitle = {CERN Accelerator School: Intermediate Course on Accelerator Physics},
doi = {10.5170/CERN-2006-002.361},
year = {2006}
}
@misc{Baird,
author = {Baird, Simon},
title = {Accelerators for pedestrians},
url = {https://cdsweb.cern.ch/record/1017689},
urldate = {14/07/2019},
year = {2007}
}
@misc{LHCFull,
author = {Steerenberg, Rende},
title = {LHC Report: The LHC is full!},
url = {https://home.cern/news/news/accelerators/lhc-report-lhc-full},
urldate = {14/07/2019}
}
@inproceedings{Varela,
author = {Vrerla, J},
title = {Timing and Synchronization in the LHC Experiments},
booktitle = {6th Workshop on Electronics for LHC Experiments},
year = {2000}
}
@misc{ATLASImage,
author = {{ATLAS Experiment, CERN}},
title = {Computer generated image of the whole ATLAS detector},
url = {https://cds.cern.ch/record/1095924},
urldate = {14/07/2019}
}
@article{Rosa,
author = {{La Rosa}, Alessandro},
title = {{The ATLAS Insertable B-Layer: from construction to operation}},
journal = {Journal of Instrumentation},
year = {2016},
volume = {11},
doi = {10.1088/1748-0221/11/12/C12036},
pages = {C12036},
publisher = {{IOP} Publishing}
}
@misc{ATLASIDImage,
author = {{ATLAS Experiment, CERN}},
title = {Computer generated image of the ATLAS inner detector},
url = {https://cds.cern.ch/record/1095926},
urldate = {28/07/2019}
}
@misc{ATLASLarImage,
author = {{ATLAS Experiment, CERN}},
title = {Computer generated image of the ATLAS Liquid Argon},
url = {https://cds.cern.ch/record/1095928},
urldate = {31/07/2019}
}
@misc{ATLASMuonImage,
author={{ATLAS Experiment, CERN}},
title = {Computer generated image of the ATLAS Muons subsystem},
url = {https://cds.cern.ch/record/1095929},
urldate = {31/07/2019}
}
@misc{WeissteinSagitta,
author = {Weisstein, Eric W.},
note = {From \emph{MathWorld} -- A Wolfram Web Resource},
title = {{Sagitta}},
url = {http://mathworld.wolfram.com/Sagitta.html},
urldate = {2019-08-18},
}
@techreport{LCG-TDR,
author = {{LHC Experiments Committee, CERN}},
title = {LHC computing Grid: Technical Design Report},
url = {https://cds.cern.ch/record/840543},
year = {2004},
number = {CERN-LHCC-2005-024, LCG-TDR-001},
publisher = {CERN},
}
@article{antikt,
author = {Cacciari, M and Salam, G P and Soyez, G},
title = {The anti-$k_t$ jet clustering algorithm},
journal = {Journal of High Energy Physics},
year = {2008},
volume = {2008},
issue = {04},
number = {063},
doi = {10.1088/1126-6708/2008/04/063}
}
@article{jet-area,
author = {Cacciari, M and Salam G P},
title = {Pileup subtraction using jet areas},
journal = {Physics Letters B},
volume = {659},
year = {2008},
issue = {1--2},
pages = {119--126},
doi = {10.1016/j.physletb.2007.09.077}
}
@article{Webber1984,
author = {Webber, B R},
title = {A QCD model for jet fragmentation including soft gluon interference},
journal = {Nuclear Physics B},
volume = {238},
year = {1984},
issue = {3},
pages = {492--528},
doi = {10.1016/0550-3213(84)90333-X}
}
@article{Altarelli77,
author = {Altarelli, G and Parisi, G},
title = {Asymptotic freedom in parton language},
journal = {Nuclear Physics B},
year = {1977},
volume = {126},
issue = {2},
pages = {298--318},
doi = {10.1016/0550-3213(77)90384-4}
}
@article{Dokshitzer77,
    author = "Dokshitzer, Yuri L.",
    title = "{Calculation of the Structure Functions for Deep Inelastic Scattering and e+ e- Annihilation by Perturbation Theory in Quantum Chromodynamics.}",
    journal = "Sov. Phys. JETP",
    volume = "46",
    pages = "641--653",
    year = "1977"
}
@article{Gribov72,
author = {Gribov, V N and Lipatov, L N},
title = {Deep inelastic $e \, p$ scattering in perturbation theory},
journal = {Soviet Journal of Experimental and Theoretical Physics},
year = {1972},
volume = {15},
pages = {438--450},
}
@article{Henning2000,
author = {Henning, J L},
title = {SPEC CPU2000: measuring CPU performance in the New Millennium},
journal = {IEEE Computer},
volume = {33},
issue = {7},
pages = {28--35},
year = {2000},
doi = {10.1109/2.869367}
}
@article{Geant1,
author = {Agostinelli, S and others},
title = {{Geant4} -- a simulation toolkit},
journal = {Nuclear Instruments and Methods in Physics Research A},
volume = {506},
issue = {3},
year = {2003},
pages = {250--303},
doi = {10.1016/S0168-9002(03)01368-8}
}
@article{Geant2,
author = {Allison, J and others},
title = {Geant4 Developments and Applications},
journal = {IEEE Transactions on Nuclear Science},
volume = {53},
issue = {1},
year = {2006},
pages = {270--278},
doi = {10.1109/TNS.2006.869826}
}
@article{Geant3,
author = {Allison, J and others},
title = {Recent developments in {Geant4}},
journal = {Nuclear Instruments and Methods in Physics Research A},
volume = {835},
year = {2016},
pages = {186--225},
doi = {10.1016/j.nima.2016.06.125}
}
@article{totem:2008zza,
      author         = "Anelli, G. and others",
      title          = "{The TOTEM experiment at the CERN Large Hadron Collider}",
      collaboration  = "TOTEM",
      journal        = "JINST",
      volume         = "3",
      year           = "2008",
      pages          = "S08007",
      doi            = "10.1088/1748-0221/3/08/S08007",
      SLACcitation   = "%%CITATION = JINST,3,S08007;%%"
}
@article{LHCf:2008zz,
      author         = "Adriani, O. and others",
      title          = "{The LHCf detector at the CERN Large Hadron Collider}",
      collaboration  = "LHCf",
      journal        = "JINST",
      volume         = "3",
      year           = "2008",
      pages          = "S08006",
      doi            = "10.1088/1748-0221/3/08/S08006",
      SLACcitation   = "%%CITATION = JINST,3,S08006;%%"
}
