% Put you own bibliography entries in this file
@article{Aad:2016zzw,
      author         = "{ATLAS Collaboration}",
      title          = "{Measurement of the double-differential high-mass
                        Drell-Yan cross section in pp collisions at $ \sqrt{s}=8 $
                        TeV with the ATLAS detector}",
      collaboration  = "ATLAS",
      journal        = "JHEP",
      volume         = "08",
      year           = "2016",
      pages          = "009",
      doi            = "10.1007/JHEP08(2016)009",
      eprint         = "1606.01736",
      archivePrefix  = "arXiv",
      primaryClass   = "hep-ex",
      reportNumber   = "CERN-EP-2016-079",
      SLACcitation   = "%%CITATION = ARXIV:1606.01736;%%"
}

@article{ALEPH:2005ab,
      author         = "Schael, S. and others",
      title          = "{Precision electroweak measurements on the $Z$
                        resonance}",
      collaboration  = "ALEPH, DELPHI, L3, OPAL, SLD, LEP Electroweak Working
                        Group, SLD Electroweak Group, SLD Heavy Flavour Group",
      journal        = "Phys. Rept.",
      volume         = "427",
      year           = "2006",
      pages          = "257-454",
      doi            = "10.1016/j.physrep.2005.12.006",
      eprint         = "hep-ex/0509008",
      archivePrefix  = "arXiv",
      primaryClass   = "hep-ex",
      reportNumber   = "SLAC-R-774",
      SLACcitation   = "%%CITATION = HEP-EX/0509008;%%"
}

@article{Varnes:2016nrb,
      author         = "Varnes, Erich W.",
      title          = "{A Poisson likelihood approach to fake lepton estimation
                        with the matrix method}",
      year           = "2016",
      eprint         = "1606.06817",
      archivePrefix  = "arXiv",
      primaryClass   = "hep-ex",
      SLACcitation   = "%%CITATION = ARXIV:1606.06817;%%"
}

@article{Aad:2016izn,
      author         = "{ATLAS Collaboration}",
      title          = "{Measurement of the angular coefficients in $Z$-boson
                        events using electron and muon pairs from data taken at
                        $\sqrt{s}=8$ TeV with the ATLAS detector}",
      collaboration  = "ATLAS",
      journal        = "JHEP",
      volume         = "08",
      year           = "2016",
      pages          = "159",
      doi            = "10.1007/JHEP08(2016)159",
      eprint         = "1606.00689",
      archivePrefix  = "arXiv",
      primaryClass   = "hep-ex",
      reportNumber   = "CERN-EP-2016-087",
      SLACcitation   = "%%CITATION = ARXIV:1606.00689;%%"
}

@article{Sirunyan:2018swq,
      author         = "{CMS Collaboration}",
      title          = "{Measurement of the weak mixing angle using the
                        forward-backward asymmetry of Drell-Yan events in pp
                        collisions at 8 TeV}",
      collaboration  = "CMS",
      journal        = "Eur. Phys. J.",
      volume         = "C78",
      year           = "2018",
      number         = "9",
      pages          = "701",
      doi            = "10.1140/epjc/s10052-018-6148-7",
      eprint         = "1806.00863",
      archivePrefix  = "arXiv",
      primaryClass   = "hep-ex",
      reportNumber   = "CMS-SMP-16-007, CERN-EP-2018-126",
      SLACcitation   = "%%CITATION = ARXIV:1806.00863;%%"
}

@article{Moneta:2010pm,
      author         = "Moneta, Lorenzo and Belasco, Kevin and Cranmer, Kyle S.
                        and Kreiss, S. and Lazzaro, Alfio and Piparo, Danilo and
                        Schott, Gregory and Verkerke, Wouter and Wolf, Matthias",
      title          = "{The RooStats Project}",
      booktitle      = "{Proceedings, 13th International Workshop on Advanced
                        computing and analysis techniques in physics research
                        (ACAT2010): Jaipur, India, February 22-27, 2010}",
      journal        = "PoS",
      volume         = "ACAT2010",
      year           = "2010",
      pages          = "057",
      doi            = "10.22323/1.093.0057",
      eprint         = "1009.1003",
      archivePrefix  = "arXiv",
      primaryClass   = "physics.data-an",
      SLACcitation   = "%%CITATION = ARXIV:1009.1003;%%"
}

@article{Read_2002,
	doi = {10.1088/0954-3899/28/10/313},
	url = {https://doi.org/10.1088%2F0954-3899%2F28%2F10%2F313},
	year = 2002,
	month = {sep},
	publisher = {{IOP} Publishing},
	volume = {28},
	number = {10},
	pages = {2693--2704},
	author = {A L Read},
	title = {Presentation of search results: {theCLstechnique}},
	journal = {Journal of Physics G: Nuclear and Particle Physics}
}

@article{JUNK1999435,
   title = "Confidence level computation for combining searches with small statistics",
   journal = "Nuclear Instruments and Methods in Physics Research Section A: Accelerators, Spectrometers, Detectors and Associated Equipment",
   volume = "434",
   number = "2",
   pages = "435 - 443",
   year = "1999",
   issn = "0168-9002",
   doi = "https://doi.org/10.1016/S0168-9002(99)00498-2",
   url = "http://www.sciencedirect.com/science/article/pii/S0168900299004982",
   author = "Thomas Junk",
   keywords = "Confidence level computation Poisson statistical"
}

@article{Cowan_2011,
   title={Asymptotic formulae for likelihood-based tests of new physics},
   volume={71},
   ISSN={1434-6052},
   url={http://dx.doi.org/10.1140/epjc/s10052-011-1554-0},
   DOI={10.1140/epjc/s10052-011-1554-0},
   number={2},
   journal={The European Physical Journal C},
   publisher={Springer Science and Business Media LLC},
   author={Cowan, Glen and Cranmer, Kyle and Gross, Eilam and Vitells, Ofer},
   year={2011},
   month={Feb}
}

@article{Aad:2019fac,
      author         = "{ATLAS Collaboration}",
      title          = "{Search for high-mass dilepton resonances using 139
                        fb$^{-1}$ of $pp$ collision data collected at
                        $\sqrt{s}=$13 TeV with the ATLAS detector}",
      collaboration  = "ATLAS",
      journal        = "Phys. Lett.",
      volume         = "B796",
      year           = "2019",
      pages          = "68-87",
      doi            = "10.1016/j.physletb.2019.07.016",
      eprint         = "1903.06248",
      archivePrefix  = "arXiv",
      primaryClass   = "hep-ex",
      reportNumber   = "CERN-EP-2019-030",
      SLACcitation   = "%%CITATION = ARXIV:1903.06248;%%"
}

@article{Sirunyan:2018ipj,
      author         = "{CMS Collaboration}",
      title          = "{Search for contact interactions and large extra dimensions in the dilepton mass spectra from proton-proton
                        collisions at $\sqrt{s} =$ 13 TeV}",
      collaboration  = "CMS",
      journal        = "JHEP",
      volume         = "04",
      year           = "2019",
      pages          = "114",
      doi            = "10.1007/JHEP04(2019)114",
      eprint         = "1812.10443",
      archivePrefix  = "arXiv",
      primaryClass   = "hep-ex",
      reportNumber   = "CMS-EXO-17-025, CERN-EP-2018-326",
      SLACcitation   = "%%CITATION = ARXIV:1812.10443;%%"
}

@article{Eichten:1983hw,
      author         = "Eichten, E. and Lane, Kenneth D. and Peskin, Michael E.",
      title          = "{New Tests for Quark and Lepton Substructure}",
      booktitle      = "{BEYOND THE STANDARD MODEL. PROCEEDINGS, 18TH RENCONTRES
                        DE MORIOND, LA PLAGNE, FRANCE, MARCH 13-19, 1983. VOL. 2}",
      journal        = "Phys. Rev. Lett.",
      volume         = "50",
      year           = "1983",
      pages          = "811-814",
      doi            = "10.1103/PhysRevLett.50.811",
      note           = "[,369(1983)]",
      reportNumber   = "SLAC-PUB-3128, FERMILAB-PUB-83-015-THY,
                        FERMILAB-PUB-83-015-T",
      SLACcitation   = "%%CITATION = PRLTA,50,811;%%"
}
@article{Eichten:1984eu,
      author         = "Eichten, E. and Hinchliffe, I. and Lane, Kenneth D. and
                        Quigg, C.",
      title          = "{Super Collider Physics}",
      journal        = "Rev. Mod. Phys.",
      volume         = "56",
      year           = "1984",
      pages          = "579-707",
      doi            = "10.1103/RevModPhys.56.579, 10.1103/RevModPhys.58.1065",
      note           = "[Addendum: Rev. Mod. Phys.58,1065(1986)]",
      reportNumber   = "FERMILAB-PUB-84-017-T, LBL-16875, DOE-ER-01545-345",
      SLACcitation   = "%%CITATION = RMPHA,56,579;%%"
}

@article{ArkaniHamed:1998nn,
      author         = "Arkani-Hamed, Nima and Dimopoulos, Savas and Dvali, G.
                        R.",
      title          = "{Phenomenology, astrophysics and cosmology of theories
                        with submillimeter dimensions and TeV scale quantum
                        gravity}",
      journal        = "Phys. Rev.",
      volume         = "D59",
      year           = "1999",
      pages          = "086004",
      doi            = "10.1103/PhysRevD.59.086004",
      eprint         = "hep-ph/9807344",
      archivePrefix  = "arXiv",
      primaryClass   = "hep-ph",
      reportNumber   = "SLAC-PUB-7864, SU-ITP-98-142, IC-98-44",
      SLACcitation   = "%%CITATION = HEP-PH/9807344;%%"
}

@article{Giudice:2017fmj,
      author         = "Giudice, Gian F. and Kats, Yevgeny and McCullough,
                        Matthew and Torre, Riccardo and Urbano, Alfredo",
      title          = "{Clockwork/linear dilaton: structure and phenomenology}",
      journal        = "JHEP",
      volume         = "06",
      year           = "2018",
      pages          = "009",
      doi            = "10.1007/JHEP06(2018)009",
      eprint         = "1711.08437",
      archivePrefix  = "arXiv",
      primaryClass   = "hep-ph",
      reportNumber   = "CERN-TH-2017-219",
      SLACcitation   = "%%CITATION = ARXIV:1711.08437;%%"
}

@article{Aad:2012hf,
      author         = "{ATLAS Collaboration}",
      title          = "{Search for high-mass resonances decaying to dilepton
                        final states in $pp$ collisions at $\sqrt{s}=7$~TeV with the
                        ATLAS detector}",
      collaboration  = "ATLAS",
      journal        = "JHEP",
      volume         = "11",
      year           = "2012",
      pages          = "138",
      doi            = "10.1007/JHEP11(2012)138",
      eprint         = "1209.2535",
      archivePrefix  = "arXiv",
      primaryClass   = "hep-ex",
      reportNumber   = "CERN-PH-EP-2012-190",
      SLACcitation   = "%%CITATION = ARXIV:1209.2535;%%"
}

@article{LUCID2,
  author={G. Avoni and others},
  title={The new LUCID-2 detector for luminosity measurement and monitoring in ATLAS},
  journal={JINST},
  volume={13},
  number={07},
  pages={P07017},
  doi="10.1088/1748-0221/13/07/P07017",
  year={2018},
}

@article{Martin,
      author         = "Martin, A. D. and Stirling, W. J. and Thorne, R. S. and
                        Watt, G.",
      title          = "{Parton distributions for the LHC}",
      journal        = "Eur. Phys. J. C",
      volume         = "63",
      year           = "2009",
      pages          = "189",
      doi            = "10.1140/epjc/s10052-009-1072-5",
      eprint         = "0901.0002",
      archivePrefix  = "arXiv",
      primaryClass   = "hep-ph",
      reportNumber   = "IPPP-08-95, DCPT-08-190, CAVENDISH-HEP-08-16",
      SLACcitation   = "%%CITATION = ARXIV:0901.0002;%%"
}

@article{PERF-2017-03,
    author         = "{ATLAS Collaboration}",
    title          = "{Electron and photon energy calibration with the ATLAS detector using 2015--2016 LHC proton--proton collision data}",
    journal        = "JINST",
    year           = "2018",
    reportNumber   = "CERN-EP-2018-296",
    eprint         = "1812.03848",
    archivePrefix  = "arXiv",
    primaryClass   = "hep-ex",
}

@article{Abbott:2018ikt,
      author         = "Abbott, B. and others",
      title          = "{Production and Integration of the ATLAS Insertable B-Layer}",
      collaboration  = "ATLAS IBL",
      journal        = "JINST",
      volume         = "13",
      year           = "2018",
      number         = "05",
      pages          = "T05008",
      doi            = "10.1088/1748-0221/13/05/T05008",
      eprint         = "1803.00844",
      archivePrefix  = "arXiv",
      primaryClass   = "physics.ins-det",
      SLACcitation   = "%%CITATION = ARXIV:1803.00844;%%"
}


@article{Aaboud:2019ynx,
      author         = "{ATLAS Collaboration}",
      title          = "{Electron reconstruction and identification in the ATLAS
                        experiment using the 2015 and 2016 LHC proton-proton
                        collision data at $\sqrt{s}$ = 13 TeV}",
      collaboration  = "ATLAS",
      journal        = "Eur. Phys. J.",
      volume         = "C79",
      year           = "2019",
      number         = "8",
      pages          = "639",
      doi            = "10.1140/epjc/s10052-019-7140-6",
      eprint         = "1902.04655",
      archivePrefix  = "arXiv",
      primaryClass   = "physics.ins-det",
      reportNumber   = "CERN-EP-2018-273",
      SLACcitation   = "%%CITATION = ARXIV:1902.04655;%%"
}


@misc{HEPdata,
  title = {HEPdata record},
  howpublished = {\url{https://www.hepdata.net/record/88425}},
}

@article{Gross:2010qma,
      author         = "Gross, Eilam and Vitells, Ofer",
      title          = "{Trial factors for the look elsewhere effect in high
                        energy physics}",
      journal        = "Eur. Phys. J. C",
      volume         = "70",
      year           = "2010",
      pages          = "525-530",
      doi            = "10.1140/epjc/s10052-010-1470-8",
      eprint         = "1005.1891",
      archivePrefix  = "arXiv",
      primaryClass   = "physics.data-an",
      SLACcitation   = "%%CITATION = ARXIV:1005.1891;%%"
}

@article{Delaunay,
      author         = "Delaunay,B",
      title         = "{Sur la sphere vide}",
      journal       =" Izvestia Akademii Nauk SSSR: Otdelenie Matematicheskikh i Estestvennykh Nauk",
      volume        ="7",
      year           = "1934",
      pages          = "793-800",
}


@BIBNOTE{parms,
note = {Dielectron channel:
     $a = 178000 \pm 400$, 
     $b = 1.5 \pm 1.0$, 
     $p_0 = -12.38 \pm 0.09$,
     $p_1 = -4.295 \pm 0.014$,
     $p_2 = -0.9191 \pm 0.0027$, 
     $p_3 = -0.0845 \pm 0.0005$. Dimuon channel:
     $a = 138700 \pm 400$,
     $b = 11.8 \pm 0.5$,
     $p_0 = -7.38 \pm 0.12$,
     $p_1 = -4.132 \pm 0.017$,
     $p_2 = -1.0637 \pm 0.0029$,
     $p_3 = -0.1022 \pm 0.0005$.},
}

@techreport{ATLAS:1300517,
      author        = "ATLAS, Coll and Beckingham, M and Duehrssen, M and
                       Schmidt, E and Shapiro, M and Venturi, M and Virzi, J and
                       Vivarelli, I and Werner, M and Yamamoto, S and Yamanaka, T",
      title         = "{The simulation principle and performance of the ATLAS
                       fast calorimeter simulation FastCaloSim}",
      institution   = "CERN",
      address       = "Geneva",
      number        = "ATL-PHYS-PUB-2010-013",
      month         = "Oct",
      year          = "2010",
      reportNumber  = "ATL-PHYS-PUB-2010-013",
      url           = "http://cds.cern.ch/record/1300517",
}

@article{Stump:2003yu,
      author         = "Stump, Daniel and Huston, Joey and Pumplin, Jon and Tung,
                        Wu-Ki and Lai, H. L. and Kuhlmann, Steve and Owens, J. F.",
      title          = "{Inclusive jet production, parton distributions, and the
                        search for new physics}",
      journal        = "JHEP",
      volume         = "10",
      year           = "2003",
      pages          = "046",
      doi            = "10.1088/1126-6708/2003/10/046",
      eprint         = "hep-ph/0303013",
      archivePrefix  = "arXiv",
      reportNumber   = "MSU-HEP-030303",
      SLACcitation   = "%%CITATION = HEP-PH/0303013;%%"
}

@article{delAguila:2010mx,
      author         = "del Aguila, F. and de Blas, J. and Perez-Victoria, M.",
      title          = "{Electroweak limits on general new vector bosons}",
      journal        = "JHEP",
      volume         = "09",
      year           = "2010",
      pages          = "033",
      doi            = "10.1007/JHEP09(2010)033",
      eprint         = "1005.3998",
      archivePrefix  = "arXiv",
      primaryClass   = "hep-ph",
      reportNumber   = "UG-FT-272-10, CAFPE-142-10",
      SLACcitation   = "%%CITATION = ARXIV:1005.3998;%%"
}

@article{Lange:2001uf,
      author         = "Lange, D. J.",
      title          = "{The EvtGen particle decay simulation package}",
      booktitle      = "{Proceedings, 7th International Conference on B physics
                        at hadron machines (BEAUTY 2000): Maagan, Israel,
                        September 13-18, 2000}",
      journal        = "Nucl. Instrum. Meth. A",
      volume         = "462",
      year           = "2001",
      pages          = "152-155",
      doi            = "10.1016/S0168-9002(01)00089-4",
      SLACcitation   = "%%CITATION = NUIMA,A462,152;%%"
}

@article{Altarelli:1989ff,
      author         = "Altarelli, Guido and Mele, B. and Ruiz-Altaba, M.",
      title          = "{Searching for new heavy vector bosons in $p \bar{p}$
                        colliders}",
      journal        = "Z. Phys. C",
      volume         = "45",
      year           = "1989",
      pages          = "109",
      doi            = "10.1007/BF01552335",
      note           = "[Erratum: Z. Phys. C 47 (1990) 676]",
      reportNumber   = "CERN-TH-5323-89",
      SLACcitation   = "%%CITATION = ZEPYA,C45,109;%%"
}

@article{London:1986dk,
      author         = "London, David and Rosner, Jonathan L.",
      title          = "{Extra gauge bosons in E(6)}",
      journal        = "Phys. Rev. D",
      volume         = "34",
      pages          = "1530",
      doi            = "10.1103/PhysRevD.34.1530",
      year           = "1986",
      reportNumber   = "EFI-86-22",
      SLACcitation   = "%%CITATION = PHRVA,D34,1530;%%",
}

@article{Djouadi:2005gj,
      author         = "Djouadi, Abdelhak",
      title          = "{The anatomy of electroweak symmetry breaking Tome II: The
                        Higgs bosons in the Minimal Supersymmetric Model}",
      journal        = "Phys. Rept.",
      volume         = "459",
      year           = "2008",
      pages          = "1-241",
      doi            = "10.1016/j.physrep.2007.10.005",
      eprint         = "hep-ph/0503173",
      archivePrefix  = "arXiv",
      reportNumber   = "LPT-ORSAY-05-18",
      SLACcitation   = "%%CITATION = HEP-PH/0503173;%%"
}

@article{Branco:2011iw,
      author         = "Branco, G. C. and Ferreira, P. M. and Lavoura, L. and
                        Rebelo, M. N. and Sher, Marc and Silva, Joao P.",
      title          = "{Theory and phenomenology of two-Higgs-doublet models}",
      journal        = "Phys. Rept.",
      volume         = "516",
      year           = "2012",
      pages          = "1-102",
      doi            = "10.1016/j.physrep.2012.02.002",
      eprint         = "1106.0034",
      archivePrefix  = "arXiv",
      primaryClass   = "hep-ph",
      SLACcitation   = "%%CITATION = ARXIV:1106.0034;%%"
}

@article{Read:2002hq,
      author         = "Read, Alexander L.",
      title          = "{Presentation of search results: the CL${_S}$ technique}",
      booktitle      = "{Advanced Statistical Techniques in Particle Physics.
                        Proceedings, Conference, Durham, UK, March 18-22, 2002}",
      journal        = "J. Phys. G",
      volume         = "28",
      year           = "2002",
      pages          = "2693-2704",
      doi            = "10.1088/0954-3899/28/10/313",
      SLACcitation   = "%%CITATION = JPAGA,G28,2693;%%"
}


@article{Cowan:2010js,
      author         = "Cowan, Glen and Cranmer, Kyle and Gross, Eilam and
                        Vitells, Ofer",
      title          = "{Asymptotic formulae for likelihood-based tests of new
                        physics}",
      journal        = "Eur. Phys. J. C",
      volume         = "71",
      year           = "2011",
      pages          = "1554",
      doi            = "10.1140/epjc/s10052-011-1554-0",
      note           = "[Erratum: Eur. Phys. J. C 73 (2013) 2501]",
      eprint         = "1007.1727",
      archivePrefix  = "arXiv",
      primaryClass   = "physics.data-an",
      SLACcitation   = "%%CITATION = ARXIV:1007.1727;%%"
}

@article{PhysRevD.98.030001,
  title = {Review of Particle Physics},
  author = {Tanabashi, M. and Hagiwara, K. and Hikasa, K. and Nakamura, K. and Sumino, Y. and Takahashi, F. and Tanaka, J. and Agashe, K. and Aielli, G. and Amsler, C. and Antonelli, M. and Asner, D. M. and Baer, H. and Banerjee, Sw. and Barnett, R. M. and Basaglia, T. and Bauer, C. W. and Beatty, J. J. and Belousov, V. I. and Beringer, J. and Bethke, S. and Bettini, A. and Bichsel, H. and Biebel, O. and Black, K. M. and Blucher, E. and Buchmuller, O. and Burkert, V. and Bychkov, M. A. and Cahn, R. N. and Carena, M. and Ceccucci, A. and Cerri, A. and Chakraborty, D. and Chen, M.-C. and Chivukula, R. S. and Cowan, G. and Dahl, O. and D'Ambrosio, G. and Damour, T. and de Florian, D. and de Gouv\^ea, A. and DeGrand, T. and de Jong, P. and Dissertori, G. and Dobrescu, B. A. and D'Onofrio, M. and Doser, M. and Drees, M. and Dreiner, H. K. and Dwyer, D. A. and Eerola, P. and Eidelman, S. and Ellis, J. and Erler, J. and Ezhela, V. V. and Fetscher, W. and Fields, B. D. and Firestone, R. and Foster, B. and Freitas, A. and Gallagher, H. and Garren, L. and Gerber, H.-J. and Gerbier, G. and Gershon, T. and Gershtein, Y. and Gherghetta, T. and Godizov, A. A. and Goodman, M. and Grab, C. and Gritsan, A. V. and Grojean, C. and Groom, D. E. and Gr\"unewald, M. and Gurtu, A. and Gutsche, T. and Haber, H. E. and Hanhart, C. and Hashimoto, S. and Hayato, Y. and Hayes, K. G. and Hebecker, A. and Heinemeyer, S. and Heltsley, B. and Hern\'andez-Rey, J. J. and Hisano, J. and H\"ocker, A. and Holder, J. and Holtkamp, A. and Hyodo, T. and Irwin, K. D. and Johnson, K. F. and Kado, M. and Karliner, M. and Katz, U. F. and Klein, S. R. and Klempt, E. and Kowalewski, R. V. and Krauss, F. and Kreps, M. and Krusche, B. and Kuyanov, Yu. V. and Kwon, Y. and Lahav, O. and Laiho, J. and Lesgourgues, J. and Liddle, A. and Ligeti, Z. and Lin, C.-J. and Lippmann, C. and Liss, T. M. and Littenberg, L. and Lugovsky, K. S. and Lugovsky, S. B. and Lusiani, A. and Makida, Y. and Maltoni, F. and Mannel, T. and Manohar, A. V. and Marciano, W. J. and Martin, A. D. and Masoni, A. and Matthews, J. and Mei\ss{}ner, U.-G. and Milstead, D. and Mitchell, R. E. and M\"onig, K. and Molaro, P. and Moortgat, F. and Moskovic, M. and Murayama, H. and Narain, M. and Nason, P. and Navas, S. and Neubert, M. and Nevski, P. and Nir, Y. and Olive, K. A. and Pagan Griso, S. and Parsons, J. and Patrignani, C. and Peacock, J. A. and Pennington, M. and Petcov, S. T. and Petrov, V. A. and Pianori, E. and Piepke, A. and Pomarol, A. and Quadt, A. and Rademacker, J. and Raffelt, G. and Ratcliff, B. N. and Richardson, P. and Ringwald, A. and Roesler, S. and Rolli, S. and Romaniouk, A. and Rosenberg, L. J. and Rosner, J. L. and Rybka, G. and Ryutin, R. A. and Sachrajda, C. T. and Sakai, Y. and Salam, G. P. and Sarkar, S. and Sauli, F. and Schneider, O. and Scholberg, K. and Schwartz, A. J. and Scott, D. and Sharma, V. and Sharpe, S. R. and Shutt, T. and Silari, M. and Sj\"ostrand, T. and Skands, P. and Skwarnicki, T. and Smith, J. G. and Smoot, G. F. and Spanier, S. and Spieler, H. and Spiering, C. and Stahl, A. and Stone, S. L. and Sumiyoshi, T. and Syphers, M. J. and Terashi, K. and Terning, J. and Thoma, U. and Thorne, R. S. and Tiator, L. and Titov, M. and Tkachenko, N. P. and T\"ornqvist, N. A. and Tovey, D. R. and Valencia, G. and Van de Water, R. and Varelas, N. and Venanzoni, G. and Verde, L. and Vincter, M. G. and Vogel, P. and Vogt, A. and Wakely, S. P. and Walkowiak, W. and Walter, C. W. and Wands, D. and Ward, D. R. and Wascko, M. O. and Weiglein, G. and Weinberg, D. H. and Weinberg, E. J. and White, M. and Wiencke, L. R. and Willocq, S. and Wohl, C. G. and Womersley, J. and Woody, C. L. and Workman, R. L. and Yao, W.-M. and Zeller, G. P. and Zenin, O. V. and Zhu, R.-Y. and Zhu, S.-L. and Zimmermann, F. and Zyla, P. A. and Anderson, J. and Fuller, L. and Lugovsky, V. S. and Schaffner, P.},
  collaboration = {Particle Data Group},
  journal = {Phys. Rev. D},
  volume = {98},
  pages = {030001},
  numpages = {1898},
  year = {2018},
  month = {Aug},
  publisher = {American Physical Society},
  doi = {10.1103/PhysRevD.98.030001}
}

@article{PhysRevLett.33.1404,
  title = {Experimental Observation of a Heavy Particle $J$},
  author = {Aubert, J. J. and others},
  journal = {Phys. Rev. Lett.},
  volume = {33},
  pages = {1404--1406},
  numpages = {0},
  year = {1974},
  month = {Dec},
  publisher = {American Physical Society},
  doi = {10.1103/PhysRevLett.33.1404}
}

@article{PhysRevLett.33.1406,
  title = {Discovery of a Narrow Resonance in ${e}^{+}{e}^{-}$ Annihilation},
  author = {Augustin, J. E. and others},
  journal = {Phys. Rev. Lett.},
  volume = {33},
  pages = {1406--1408},
  numpages = {0},
  year = {1974},
  month = {Dec},
  publisher = {American Physical Society},
  doi = {10.1103/PhysRevLett.33.1406}
}

@article{1983398,
title = "Experimental observation of lepton pairs of invariant mass around 95$\,$GeV/c$^2$ at the CERN SPS collider",
journal = "Phys. Lett. B",
volume = "126",
number = "5",
pages = "398 - 410",
year = "1983",
note = "",
issn = "0370-2693",
doi = "10.1016/0370-2693(83)90188-0",
author = {G. Arnison and others},
}

@article{BAGNAIA1983130,
title = "Evidence for $Z^0\rightarrow e^+e^-$ at the CERN pp collider",
journal = "Phys. Lett. B",
volume = "129",
number = "1",
pages = "130 - 140",
year = "1983",
note = "",
issn = "0370-2693",
doi = "10.1016/0370-2693(83)90744-X",
author = {P. Bagnaia and others},
}

@ARTICLE{1977PhRvL..39..252H,
   author = {{Herb}, S.~W. and others},
    title = "{Observation of a Dimuon Resonance at 9.5 GeV in 400-GeV Proton-Nucleus Collisions}",
  journal = {Phys. Rev. Lett.},
     year = 1977,
    month = aug,
   volume = 39,
    pages = {252-255},
      doi = {10.1103/PhysRevLett.39.252}
}

@article{Aad:2012tfa,
      author         = "{ATLAS Collaboration}",
      title          = "{Observation of a new particle in the search for the
                        Standard Model Higgs boson with the ATLAS detector at the
                        LHC}",
      collaboration  = "ATLAS",
      journal        = "Phys. Lett.",
      volume         = "B716",
      year           = "2013",
      pages          = "1-29",
      doi            = "10.1016/j.physletb.2012.08.020",
      eprint         = "1207.7214",
      archivePrefix  = "arXiv",
      primaryClass   = "hep-ex",
      reportNumber   = "CERN-PH-EP-2012-218",
      SLACcitation   = "%%CITATION = ARXIV:1207.7214;%%"
}
@article{Chatrchyan:2012xdj,
      author         = "{CMS Collaboration}",
      title          = "{Observation of a new boson at a mass of 125 GeV with the
                        CMS experiment at the LHC}",
      collaboration  = "CMS",
      journal        = "Phys. Lett.",
      volume         = "B716",
      year           = "2012",
      pages          = "30-61",
      doi            = "10.1016/j.physletb.2012.08.021",
      eprint         = "1207.7235",
      archivePrefix  = "arXiv",
      primaryClass   = "hep-ex",
      reportNumber   = "CMS-HIG-12-028, CERN-PH-EP-2012-220",
      SLACcitation   = "%%CITATION = ARXIV:1207.7235;%%"
}

@article{deBlas:2012qp,
      author         = "de Blas, J. and Lizana, J. M. and Perez-Victoria, M.",
      title          = "{Combining searches of Z' and W' bosons}",
      journal        = "JHEP",
      volume         = "01",
      year           = "2013",
      pages          = "166",
      doi            = "10.1007/JHEP01(2013)166",
      eprint         = "1211.2229",
      archivePrefix  = "arXiv",
      primaryClass   = "hep-ph",
      SLACcitation   = "%%CITATION = ARXIV:1211.2229;%%"
}


@article{Randall:1999ee,
      author         = "Randall, Lisa and Sundrum, Raman",
      title          = "{Large Mass Hierarchy from a Small Extra Dimension}",
      journal        = "Phys. Rev. Lett.",
      volume         = "83",
      year           = "1999",
      pages          = "3370-3373",
      doi            = "10.1103/PhysRevLett.83.3370",
      eprint         = "hep-ph/9905221",
      archivePrefix  = "arXiv",
      reportNumber   = "MIT-CTP-2860, PUPT-1860, BUHEP-99-9",
      SLACcitation   = "%%CITATION = HEP-PH/9905221;%%"
}
@article{Aaboud:2018bun,
      author         = "{ATLAS Collaboration}",
      title          = "{Combination of searches for heavy resonances decaying
                        into bosonic and leptonic final states using 36 fb$^{-1}$
                        of proton-proton collision data at $\sqrt{s} = 13$ TeV
                        with the ATLAS detector}",
      collaboration  = "ATLAS",
      journal        = "Phys. Rev.",
      volume         = "D98",
      year           = "2018",
      pages          = "052008",
      doi            = "10.1103/PhysRevD.98.052008",
      eprint         = "1808.02380",
      archivePrefix  = "arXiv",
      primaryClass   = "hep-ex",
      reportNumber   = "CERN-EP-2018-179",
      SLACcitation   = "%%CITATION = ARXIV:1808.02380;%%"
}

@article{Aaboud:2017buh,
      author         = "{ATLAS Collaboration}",
      title          = "{Search for new high-mass phenomena in the dilepton final
                        state using 36 fb$^{-1}$ of proton-proton collision data
                        at $\sqrt{s}=13$ TeV with the ATLAS detector}",
      collaboration  = "ATLAS",
      journal        = "JHEP",
      volume         = "10",
      year           = "2017",
      pages          = "182",
      doi            = "10.1007/JHEP10(2017)182",
      eprint         = "1707.02424",
      archivePrefix  = "arXiv",
      primaryClass   = "hep-ex",
      reportNumber   = "CERN-EP-2017-119",
      SLACcitation   = "%%CITATION = ARXIV:1707.02424;%%"
}

@article{Sirunyan:2018exx,
      author         = "{CMS Collaboration}",
      title          = "{Search for high-mass resonances in dilepton final states
                        in proton-proton collisions at $\sqrt{s}=$ 13 TeV}",
      collaboration  = "CMS",
      journal        = "JHEP",
      volume         = "06",
      year           = "2018",
      pages          = "120",
      doi            = "10.1007/JHEP06(2018)120",
      eprint         = "1803.06292",
      archivePrefix  = "arXiv",
      primaryClass   = "hep-ex",
      reportNumber   = "CMS-EXO-16-047, CERN-EP-2018-027",
      SLACcitation   = "%%CITATION = ARXIV:1803.06292;%%"
}


@Booklet{ATLAS-TDR-19,
author       = "{ATLAS Collaboration}",
title        = "ATLAS Insertable B-Layer Technical Design Report",
howpublished = "ATLAS-TDR-19",
year         = "2010",
url          = "https://cds.cern.ch/record/1291633",
addendum     = "{\textit{ATLAS Insertable B-Layer Technical Design Report Addendum}}, ATLAS-TDR-19-ADD-1, 2012, {\scriptsize{URL}}: \url{https://cds.cern.ch/record/1451888}",
}


@article{pythia8,
author         = "{Sj\"ostrand}, Torbjorn and Mrenna, Stephen and Skands, Peter Z.",
title          = "{A brief introduction to PYTHIA 8.1}",
journal        = "Comput. Phys. Commun.",       volume         = "178",
pages          = "852",
doi            = "10.1016/j.cpc.2008.01.036",
year           = "2008",       eprint         = "0710.3820",
archivePrefix  = "arXiv",
primaryClass   = "hep-ph",
reportNumber   = "CERN-LCGAPP-2007-04, LU-TP-07-28,
                  FERMILAB-PUB-07-512-CD-T",
SLACcitation   = "%%CITATION = ARXIV:0710.3820;%%",
}

@article{Alioli:2008tz,
author         = "Alioli, Simone and Nason, Paolo and Oleari, Carlo and Re,
                  Emanuele",
title          = "{NLO Higgs boson production via gluon fusion matched with
                   shower in POWHEG}",
journal        = "JHEP",
volume         = "04",
year           = "2009",
pages          = "002",
doi            = "10.1088/1126-6708/2009/04/002",
eprint         = "0812.0578",
archivePrefix  = "arXiv",
primaryClass   = "hep-ph",
SLACcitation   = "%%CITATION = ARXIV:0812.0578;%%"
}

@article{MCSANC,
      author         = "Arbuzov, A. and Bardin, D. and Bondarenko, S. and
                        Christova, P. and Kalinovskaya, L. and Klein, U. and
                        Kolesnikov, V. and Rumyantsev, L. and Sadykov, R. and
                        Sapronov, A.",
      title          = "{Update of the MCSANC Monte Carlo integrator, v. 1.20}",
      journal        = "JETP Lett.",
      volume         = "103",
      year           = "2016",
      number         = "2",
      pages          = "131-136",
      doi            = "10.1134/S0021364016020041",
      eprint         = "1509.03052",
      archivePrefix  = "arXiv",
      primaryClass   = "hep-ph",
      SLACcitation   = "%%CITATION = ARXIV:1509.03052;%%"
}

@article{vrap,
      author         = "Anastasiou, Charalampos and Dixon, Lance J. and Melnikov,
                        Kirill and Petriello, Frank",
      title          = "{High-precision QCD at hadron colliders: Electroweak gauge boson rapidity distributions at next-to-next-to leading order}",
      journal        = "Phys. Rev. D",
      volume         = "69",
      year           = "2004",
      pages          = "094008",
      doi            = "10.1103/PhysRevD.69.094008",
      eprint         = "hep-ph/0312266",
      archivePrefix  = "arXiv",
      reportNumber   = "SLAC-PUB-10288, UH-511-1042-03",
      SLACcitation   = "%%CITATION = HEP-PH/0312266;%%"
}

@article{CT14,
      author         = "Dulat, Sayipjamal and Hou, Tie-Jiun and Gao, Jun and
                        Guzzi, Marco and Huston, Joey and Nadolsky, Pavel and
                        Pumplin, Jon and Schmidt, Carl and Stump, Daniel and Yuan,
                        C. P.",
      title          = "{New parton distribution functions from a global analysis
                        of quantum chromodynamics}",
      journal        = "Phys. Rev.",
      volume         = "D93",
      year           = "2016",
      number         = "3",
      pages          = "033006",
      doi            = "10.1103/PhysRevD.93.033006",
      eprint         = "1506.07443",
      archivePrefix  = "arXiv",
      primaryClass   = "hep-ph",
      SLACcitation   = "%%CITATION = ARXIV:1506.07443;%%"
}



@article{ct10,
author         = "Lai, Hung-Liang and others",
title          = "{New parton distributions for collider physics}",
journal        = "Phys. Rev. D",
volume         = "82",
pages          = "074024",
doi            = "10.1103/PhysRevD.82.074024",
year           = "2010",
eprint         = "1007.2241",
archivePrefix  = "arXiv",
primaryClass   = "hep-ph",
reportNumber   = "MSUHEP-100707, SMU-HEP-10-10",
SLACcitation   = "%%CITATION = ARXIV:1007.2241;%%",
}

@article{Gleisberg:2008ta,
author         = "Gleisberg, T. and Hoeche, Stefan. and Krauss, F. and
                  Schonherr, M. and Schumann, S. and Siegert, F. and Winter,
                  J.",
title          = "{Event generation with SHERPA 1.1}",
journal        = "JHEP",
volume         = "02",
year           = "2009",
pages          = "007",
doi            = "10.1088/1126-6708/2009/02/007",
eprint         = "0811.4622",
archivePrefix  = "arXiv",
primaryClass   = "hep-ph",
reportNumber   = "FERMILAB-PUB-08-477-T, SLAC-PUB-13420, ZU-TH-17-08,
                  DCPT-08-138, IPPP-08-69, EDINBURGH-2008-30, MCNET-08-14",
SLACcitation   = "%%CITATION = ARXIV:0811.4622;%%"
}

@article{Ball:2014uwa,
      author         = "Ball, Richard D. and others",
      title          = "{Parton distributions for the LHC run II}",
      collaboration  = "NNPDF",
      journal        = "JHEP",
      volume         = "04",
      year           = "2015",
      pages          = "040",
      doi            = "10.1007/JHEP04(2015)040",
      eprint         = "1410.8849",
      archivePrefix  = "arXiv",
      primaryClass   = "hep-ph",
      reportNumber   = "EDINBURGH-2014-15, IFUM-1034-FT, CERN-PH-TH-2013-253,
                        OUTP-14-11P, CAVENDISH-HEP-14-11",
      SLACcitation   = "%%CITATION = ARXIV:1410.8849;%%"
}

@article{Czakon:2011xx,
      author         = "Czakon, Michal and Mitov, Alexander",
      title          = "{Top++: A program for the calculation of the top-pair
                        cross-section at hadron colliders}",
      journal        = "Comput. Phys. Commun.",
      volume         = "185",
      year           = "2014",
      pages          = "2930",
      doi            = "10.1016/j.cpc.2014.06.021",
      eprint         = "1112.5675",
      archivePrefix  = "arXiv",
      primaryClass   = "hep-ph",
      reportNumber   = "CERN-PH-TH-2011-303, TTK-11-58",
      SLACcitation   = "%%CITATION = ARXIV:1112.5675;%%"
}

@article{Artoisenet:2012st,
      author         = "Artoisenet, Pierre and Frederix, Rikkert and Mattelaer,
                        Olivier and Rietkerk, Robbert",
      title          = "{Automatic spin-entangled decays of heavy resonances in
                        Monte Carlo simulations}",
      journal        = "JHEP",
      volume         = "03",
      year           = "2013",
      pages          = "015",
      doi            = "10.1007/JHEP03(2013)015",
      eprint         = "1212.3460",
      archivePrefix  = "arXiv",
      primaryClass   = "hep-ph",
      reportNumber   = "NIKHEF-2012-021, CERN-PH-TH-2012-329",
      SLACcitation   = "%%CITATION = ARXIV:1212.3460;%%"
}

@article{geant,
author         = "Agostinelli, S. and others",
title          = "{GEANT 4 -- a simulation toolkit}",
collaboration  = "GEANT4",
journal        = "Nucl. Instrum. Meth. A",
volume         = "506",
pages          = "250",
doi            = "10.1016/S0168-9002(03)01368-8",
year           = "2003",
}

@article{Golonka:2005pn,
      author         = "Golonka, Piotr and Was, Zbigniew",
      title          = "{PHOTOS Monte Carlo: a precision tool for QED corrections
                        in $Z$ and $W$ decays}",
      journal        = "Eur. Phys. J. C",
      volume         = "45",
      year           = "2006",
      pages          = "97-107",
      doi            = "10.1140/epjc/s2005-02396-4",
      eprint         = "hep-ph/0506026",
      archivePrefix  = "arXiv",
      reportNumber   = "IFJPAN-V-05-01, CERN-PH-TH-2005-091",
      SLACcitation   = "%%CITATION = HEP-PH/0506026;%%"
}

@article{Ball:2012cx,
      author         = "Ball, Richard D. and others",
      title          = "{Parton distributions with LHC data}",
      journal        = "Nucl. Phys. B",
      volume         = "867",
      year           = "2013",
      pages          = "244-289",
      doi            = "10.1016/j.nuclphysb.2012.10.003",
      eprint         = "1207.1303",
      archivePrefix  = "arXiv",
      primaryClass   = "hep-ph",
      reportNumber   = "EDINBURGH-2012-08, IFUM-FT-997, FR-PHENO-2012-014,
                        RWTH-TTK-12-25, CERN-PH-TH-2012-037, SFB-CPP-12-47",
      SLACcitation   = "%%CITATION = ARXIV:1207.1303;%%"
}
@Article{EXOT-2016-05,
    author         = "{ATLAS Collaboration}",
    title          = "{Search for new high-mass phenomena in the dilepton final state using \(36\,\text{fb}^{-1}\) of proton--proton collision data at \(\sqrt{s} = 13\,\text{TeV}\) with the ATLAS detector}",
    journal        = "JHEP",
    volume         = "10",
    year           = "2017",
    pages          = "182",
    doi            = "10.1007/JHEP10(2017)182",
    reportNumber   = "CERN-EP-2017-119",
    eprint         = "1707.02424",
    archivePrefix  = "arXiv",
    primaryClass   = "hep-ex",
}

@article{SUSYTools,
	title = "SUSYTools TWiki page",
	url = "https://twiki.cern.ch/twiki/bin/view/AtlasProtected/SusyObjectDefinitionsr2113TeV",
}

@article{Athena,
	title = "ATLAS Collaboration, ATLAS Athena Guide",
	url = " https://atlassoftwaredocs.web.cern.ch/athena/",
}