@book{Landau1976,
author = {Landau, L. D. and Lifshitz, E. M.},
edition = {Third},
publisher = {Butterworth--Heinemann},
series = {Course of Theoretical Physics},
title = {{Mechanics}},
volume = {1},
year = {1976}
}
@misc{Weisstein,
author = {Weisstein, Eric W.},
note = {From \emph{MathWorld} -- A Wolfram Web Resource},
title = {{Euler--Lagrange Differential Equation}},
url = {http://mathworld.wolfram.com/Euler-LagrangeDifferentialEquation.html},
urldate = {24/03/2019}
}
@misc{WeissteinDeltaFourierTransform,
author = {Weisstein, Eric W.},
note = {From \emph{MathWorld} -- A Wolfram Web Resource},
title = {{Fourier Transform--Delta Function}},
url = {http://mathworld.wolfram.com/FourierTransformDeltaFunction.html},
urldate={30/03/2019}
}
@misc{WeissteinForces,
author = {Weisstein, Eric W.},
title = {{Fundamental Forces}},
url = {http://scienceworld.wolfram.com/physics/FundamentalForces.html},
urldate = {2019-06-12},
}
@article{Feynman1948,
author = {Feynman, R. P.},
doi = {10.1103/RevModPhys.20.367},
issn = {0034-6861},
journal = {Reviews of Modern Physics},
number = {2},
pages = {367--387},
publisher = {American Physical Society},
title = {{Space-Time Approach to Non-Relativistic Quantum Mechanics}},
volume = {20},
year = {1948}
}
@book{Feynman2010,
author = {Feynman, Richard P. and Hibbs, Albert R. and Styer, Daniel F.},
isbn = {9780486477220},
pages = {371},
publisher = {Dover Publications},
title = {{Quantum Mechanics and Path Integrals}},
edition = {Emended},
year = {2010}
}
@article{Feynman1949,
author = {Feynman, R. P.},
doi = {10.1103/PhysRev.76.769},
issn = {0031-899X},
journal = {Physical Review},
number = {6},
pages = {769--789},
publisher = {American Physical Society},
title = {{Space-Time Approach to Quantum Electrodynamics}},
volume = {76},
year = {1949}
}
@book{Peskin1995,
author = {Peskin, Michael E. and Schroeder, Daniel V.},
publisher = {Westview Press},
title = {{An Introduction to Quantum Field Theory}},
year = {1995}
}
@article{Dirac1933,
author = {Dirac, P. A. M.},
journal = {Physikalische Zeitschrift der Sowjetunion},
pages = {64--72},
title = {{The Lagrangian in Quantum Mechanics}},
url = {http://www.hep.anl.gov/czachos/soysoy/Dirac33.pdf},
volume = {3},
year = {1933},
doi={10.1142/9789812567635_0003}
}
@article{Jenkins_2018,
    author = "Jenkins, Elizabeth E. and Manohar, Aneesh V. and Stoffer, Peter",
    title = "{Low-Energy Effective Field Theory below the Electroweak Scale: Operators and Matching}",
    eprint = "1709.04486",
    archivePrefix = "arXiv",
    primaryClass = "hep-ph",
    doi = "10.1007/JHEP03(2018)016",
    journal = "JHEP",
    volume = "03",
    pages = "016",
    year = "2018"
}
@book{Srednicki2007,
author = {Srednicki, Mark Allen.},
isbn = {9780521864497},
pages = {641},
publisher = {Cambridge University Press},
title = {{Quantum Field Theory}},
year = {2007}
}
@article{Noether1918,
author = {Noether, E.},
journal = {Nachrichten von der Gesellschaft der Wissenschaften zu G{\"{o}}ttingen, Mathematisch-Physikalische Klasse},
pages = {235--257},
title = {{Invariante Variationsprobleme}},
url = {https://eudml.org/doc/59024},
year = {1918}
}
@article{Lehmann1955,
author = {Lehmann, H. and Symanzik, K. and Zimmermann, W.},
doi = {10.1007/BF02731765},
issn = {0029-6341},
journal = {Il Nuovo Cimento},
number = {1},
pages = {205--225},
publisher = {Societ{\`{a}} Italiana di Fisica},
title = {{Zur Formulierung quantisierter Feldtheorien}},
volume = {1},
year = {1955}
}
@article{Wick1950,
author = {Wick, G. C.},
doi = {10.1103/PhysRev.80.268},
issn = {0031-899X},
journal = {Physical Review},
number = {2},
pages = {268--272},
publisher = {American Physical Society},
title = {{The Evaluation of the Collision Matrix}},
volume = {80},
year = {1950}
}
@inproceedings{Manohar:2018aog,
    author = "Manohar, Aneesh V.",
    title = "{Introduction to Effective Field Theories}",
    booktitle = "{Les Houches summer school}: {EFT in Particle Physics and Cosmology}",
    eprint = "1804.05863",
    archivePrefix = "arXiv",
    primaryClass = "hep-ph",
    month = "4",
    year = "2018"
}
@misc{Essler2018,
author = {Essler, F. H. L.},
pages = {16},
title = {{Lecture Notes for the C6 Theory Option (Oxford MPhys Course)}},
url = {http://www-thphys.physics.ox.ac.uk/courses/C6/C6web2012/theory/lecturenotes2012.pdf},
year = {2012},
urldate={27/03/2019}
}
@article{Bennett_2013,
    author = "Hinshaw, G. and others",
    collaboration = "WMAP",
    title = "{Nine-Year Wilkinson Microwave Anisotropy Probe (WMAP) Observations: Cosmological Parameter Results}",
    eprint = "1212.5226",
    archivePrefix = "arXiv",
    primaryClass = "astro-ph.CO",
    doi = "10.1088/0067-0049/208/2/19",
    journal = "Astrophys. J. Suppl.",
    volume = "208",
    pages = "19",
    year = "2013"
}
@article{2014Plank,
    author = "Ade, P.A.R. and others",
    collaboration = "Planck",
    title = "{Planck 2013 results. I. Overview of products and scientific results}",
    eprint = "1303.5062",
    archivePrefix = "arXiv",
    primaryClass = "astro-ph.CO",
    reportNumber = "CERN-PH-TH-2013-115",
    doi = "10.1051/0004-6361/201321529",
    journal = "Astron. Astrophys.",
    volume = "571",
    pages = "A1",
    year = "2014"
}
@misc{roos2010dark,
    title={Dark Matter: The evidence from astronomy, astrophysics and cosmology},
    author={Matts Roos},
    year={2010},
    eprint={1001.0316},
    archivePrefix={arXiv},
    primaryClass={astro-ph.CO}
}
@article{Peebles_2003,
   title={The cosmological constant and dark energy},
   volume={75},
   ISSN={1539-0756},
   url={http://dx.doi.org/10.1103/RevModPhys.75.559},
   DOI={10.1103/revmodphys.75.559},
   number={2},
   journal={Reviews of Modern Physics},
   publisher={American Physical Society (APS)},
   author={Peebles, P. J. E. and Ratra, Bharat},
   year={2003},
   month={Apr},
   pages={559â€“606}
}
@article{Aoyama2012,
author = {Aoyama, Tatsumi and Hayakawa, Masashi and Kinoshita, Toichiro and Nio, Makiko},
doi = {10.1103/PhysRevLett.109.111807},
issn = {0031-9007},
journal = {Physical Review Letters},
issue = {11},
number = {111807},
publisher = {American Physical Society},
title = {{Tenth-Order QED Contribution to the Electron $g-2$ and an Improved Value of the Fine Structure Constant}},
volume = {109},
year = {2012}
}
@article{Arkani_Hamed_1998,
    author = "Arkani-Hamed, Nima and Dimopoulos, Savas and Dvali, G.R.",
    title = "{The Hierarchy problem and new dimensions at a millimeter}",
    eprint = "hep-ph/9803315",
    archivePrefix = "arXiv",
    reportNumber = "SLAC-PUB-7769, SU-ITP-98-13",
    doi = "10.1016/S0370-2693(98)00466-3",
    journal = "Phys. Lett. B",
    volume = "429",
    pages = "263--272",
    year = "1998"
}
@article{MARTIN_1998,
    author = "Martin, Stephen P.",
    editor = "Kane, Gordon L.",
    title = "{A Supersymmetry primer}",
    eprint = "hep-ph/9709356",
    archivePrefix = "arXiv",
    reportNumber = "FERMILAB-PUB-97-425-T",
    doi = "10.1142/9789812839657_0001",
    journal = "Adv. Ser. Direct. High Energy Phys.",
    volume = "21",
    pages = "1--153",
    year = "2010"
}
@article{Giudice_2008,
    author = "Giudice, Gian Francesco",
    editor = "Kane, Gordon and Pierce, Aaron",
    title = "{Naturally Speaking: The Naturalness Criterion and Physics at the LHC}",
    eprint = "0801.2562",
    archivePrefix = "arXiv",
    primaryClass = "hep-ph",
    doi = "10.1142/9789812779762_0010",
    pages = "155--178",
    month = "1",
    year = "2008"
}

@article{Mohr2015,
abstract = {This report gives the 2014 self-consistent set of values of the constants and conversion factors of physics and chemistry recommended by the Committee on Data for Science and Technology (CODATA). These values are based on a least-squares adjustment that takes into account all data available up to 31 December 2014. The recommended values may also be found on the World Wide Web at physics.nist.gov/constants.},
author = {Mohr, Peter J. and Newell, David B. and Taylor, Barry N.},
doi = {10.1103/RevModPhys.88.035009},
title = {{CODATA Recommended Values of the Fundamental Physical Constants: 2014}},
year = {2016},
publisher = {American Physical Society},
journal={Reviews of Modern Physics},
volume = {88},
issue = {3},
number = {035009},
}
@misc{NLabauthors2019,
author = {{nLab authors}},
title = {{Poincar{\'{e}} group}},
url = {http://ncatlab.org/nlab/revision/Poincar\'{e}+group/27},
urldate = {2019-04-03},
year = {2019}
}
@phdthesis{Moore2016,
author = {Moore, Liam Ronald},
school = {University of Glasgow},
title = {{Top Quark Physics in the Standard Model Effective Field Theory}},
year = {2016}
}
@article{Wu1957,
author = {Wu, C. S. and others},
doi = {10.1103/PhysRev.105.1413},
issn = {0031-899X},
journal = {Physical Review},
number = {4},
pages = {1413--1415},
publisher = {American Physical Society},
title = {{Experimental Test of Parity Conservation in Beta Decay}},
volume = {105},
year = {1957}
}
@book{Thomson:2013zua,
    author = "Thomson, Mark",
    address = "New York",
    isbn = "978-1-107-03426-6",
    publisher = "Cambridge University Press",
    title = "{Modern particle physics}",
    year = "2013"
}
@book{Peskin:1995ev,
    author = "Peskin, Michael E. and Schroeder, Daniel V.",
    address = "Reading, USA",
    isbn = "978-0-201-50397-5",
    publisher = "Addison-Wesley",
    title = "{An Introduction to quantum field theory}",
    year = "1995"
}
@article{doi:10.1098/rspa.1928.0023,
    author = "Dirac, Paul A.M.",
    title = "{The quantum theory of the electron}",
    doi = "10.1098/rspa.1928.0023",
    journal = "Proc. Roy. Soc. Lond. A",
    volume = "117",
    pages = "610--624",
    year = "1928"
}
@book{Beyer2002,
abstract = {This book provides a collection of up-to-date lectures on the physics of CP violation. As such it covers all relevant modern fields of elementary particle, nuclear and astrophysics. Special attention is paid to the neutral meson systems and the recent confirmation of CP violation in the B meson system. The theory and the novel methods needed for these experiments are given in detail. The classical and ongoing searches for the electric dipole moment of the neutron and other null tests of time-reversal symmetry are included. An elementary introduction is given to the astrophysical implications of CP violation, to tackle the puzzle of matter--antimatter asymmetry in our Universe. The aim of the book is to present recent achievements and discuss future developments in a way accessible to both postgraduate students and nonspecialist researchers. For the experienced researcher, the book will serve as a modern source of reference on this topic. From the contents: CP, T, and CPT Symmetries -- CP Violation in the K0 System -- Flavour Oscillation and CP Violation of B Mesons -- CP Asymmetries in Neutral Kaon and Beon Decays -- Time Reversal Invariance in Nuclear Physics: From Neutrons to Stochastic Systems -- CP Violation and Baryogenesis -- Physics Beyond the Standard Model.},
author = {Beyer, Michael},
isbn = {9783540478959},
pages = {334},
publisher = {Springer},
title = {{CP} Violation in Particle, Nuclear, and Astrophysics},
year = {2002}
}
@article{Fukuda_1998,
    author = "Fukuda, Y. and others",
    collaboration = "Super-Kamiokande",
    title = "{Evidence for oscillation of atmospheric neutrinos}",
    eprint = "hep-ex/9807003",
    archivePrefix = "arXiv",
    reportNumber = "BU-98-17, ICRR-REPORT-422-98-18, UCI-98-8, KEK-PREPRINT-98-95, LSU-HEPA-5-98, UMD-98-003, SBHEP-98-5, TKU-PAP-98-06, TIT-HPE-98-09",
    doi = "10.1103/PhysRevLett.81.1562",
    journal = "Phys. Rev. Lett.",
    volume = "81",
    pages = "1562--1567",
    year = "1998"
}
@article{Contino_2016,
    author = "Contino, Roberto and Falkowski, Adam and Goertz, Florian and Grojean, Christophe and Riva, Francesco",
    title = "{On the Validity of the Effective Field Theory Approach to SM Precision Tests}",
    eprint = "1604.06444",
    archivePrefix = "arXiv",
    primaryClass = "hep-ph",
    reportNumber = "DESY-16-067, CERN-TH-2016-082, LPT-Orsay-16-32",
    doi = "10.1007/JHEP07(2016)144",
    journal = "JHEP",
    volume = "07",
    pages = "144",
    year = "2016"
}

@article{PDG,
author = {{M. Tanabashi \textit{et al.} (Particle Data Group)}},
doi = {10.1103/PhysRevD.98.030001},
issn = {2470-0010},
journal = {Physical Review D},
issue = {3},
number = {030001},
title = {{Review of Particle Physics}},
volume = {98},
year = {2018}
}
@article{Schwinger1951,
author = {Schwinger, Julian},
doi = {10.1103/PhysRev.82.914},
issn = {0031-899X},
journal = {Physical Review},
number = {6},
pages = {914--927},
publisher = {American Physical Society},
title = {{The Theory of Quantized Fields}},
volume = {82},
year = {1951}
}
@article{Luders1954,
author = {L{\"{u}}ders, G.},
issn = {0023-3323},
journal = {Det Kongelige Danske Videnskabernes Selskab Matematisk-Fysiske Meddelelser},
keywords = {ON THE EQUIVALENCE OF INVARIANCE UNDER TIME REVERS},
number = {5},
pages = {1--17},
title = {{On the Equivalence of Invariance under Time Reversal and under Particle--Antiparticle Conjugation for Relativistic Field Theories}},
url = {http://cds.cern.ch/record/1071765},
urldate={03/04/2019},
volume = {28},
year = {1954}
}
@book{Pauli1955,
author = {Pauli, Wolfgang},
publisher = {McGraw--Hill},
title = {{Niels Bohr and the Development of Physics;  essays dedicated to Niels Bohr on the occasion of his seventieth birthday}},
year = {1955}
}
@article{Fierz2017,
archivePrefix = {arXiv},
arxivId = {1704.00662},
author = {Fierz, Markus and Pasa, Guglielmo},
eprint = {1704.00662},
title = {{On the relativistic theory of force-free particles with any spin}},
year = {2017}
}
@article{Pauli1940,
author = {Pauli, W.},
doi = {10.1103/PhysRev.58.716},
issn = {0031-899X},
journal = {Physical Review},
number = {8},
pages = {716--722},
publisher = {American Physical Society},
title = {{The Connection Between Spin and Statistics}},
volume = {58},
year = {1940}
}
@book{Feynman1998,
author = {Feynman, Richard P.},
isbn = {9780201360752},
pages = {198},
publisher = {Addison--Wesley},
title = {{Quantum Electrodynamics}},
year = {1998}
}
@article{Pauli1925,
author = {Pauli, W.},
doi = {10.1007/BF02980631},
issn = {0044-3328},
journal = {Zeitschrift f{\"{u}}r Physik},
number = {1},
pages = {765--783},
publisher = {Springer-Verlag},
title = {{{\"{U}}ber den Zusammenhang des Abschlusses der Elektronengruppen im Atom mit der Komplexstruktur der Spektren}},
volume = {31},
year = {1925}
}
@article{Gell-Mann1962,
author = {Gell-Mann, Murray},
doi = {10.1103/PhysRev.125.1067},
issn = {0031-899X},
journal = {Physical Review},
number = {3},
pages = {1067--1084},
publisher = {American Physical Society},
title = {{Symmetries of Baryons and Mesons}},
volume = {125},
year = {1962}
}
@article{Pauli1927,
author = {Pauli, W.},
doi = {10.1007/BF01397326},
issn = {1434-6001},
journal = {Zeitschrift f{\"{u}}r Physik},
number = {9-10},
pages = {601--623},
publisher = {Springer-Verlag},
title = {{Zur Quantenmechanik des magnetischen Elektrons}},
volume = {43},
year = {1927}
}
@article{ROMAO2012,
author = {Rom{\~{a}}o, Jorge C. and Silva, Jo{\~{a}}o P.},
doi = {10.1142/S0217751X12300256},
issn = {0217-751X},
journal = {International Journal of Modern Physics A},
keywords = {Feynman diagrams,Standard model,electroweak unification},
issue = {26},
number = {1230025},
publisher = { World Scientific Publishing Company },
title = {{A Resource for Signs and Feynman Diagrams of The Standard Model}},
volume = {27},
year = {2012}
}
@article{Anderson1963,
author = {Anderson, P. W.},
doi = {10.1103/PhysRev.130.439},
issn = {0031-899X},
journal = {Physical Review},
number = {1},
pages = {439--442},
publisher = {American Physical Society},
title = {{Plasmons, Gauge Invariance, and Mass}},
volume = {130},
year = {1963}
}
@article{Ellis:1638469,
      author        = "Ellis, John",
      title         = "{Higgs Physics}",
      number        = "KCL-PH-TH-2013-49. KCL-PH-TH-2013-49. LCTS-2013-36.
                       CERN-PH-TH-2013-315",
      pages         = "117-168. 52 p",
      month         = "Dec",
      year          = "2013",
      reportNumber  = "KCL-PH-TH-2013-49",
      url           = "https://cds.cern.ch/record/1638469",
      note          = "52 pages, 45 figures, Lectures presented at the ESHEP 2013
                       School of High-Energy Physics, to appear as part of the
                       proceedings in a CERN Yellow Report",
      doi           = "10.5170/CERN-2015-004.117",
}
@article{Englert1964,
author = {Englert, F. and Brout, R.},
doi = {10.1103/PhysRevLett.13.321},
issn = {0031-9007},
journal = {Physical Review Letters},
number = {9},
pages = {321--323},
publisher = {American Physical Society},
title = {{Broken Symmetry and the Mass of Gauge Vector Mesons}},
volume = {13},
year = {1964}
}
@article{Guralnik1964,
author = {Guralnik, G. S. and Hagen, C. R. and Kibble, T. W. B.},
doi = {10.1103/PhysRevLett.13.585},
issn = {0031-9007},
journal = {Physical Review Letters},
number = {20},
pages = {585--587},
publisher = {American Physical Society},
title = {{Global Conservation Laws and Massless Particles}},
volume = {13},
year = {1964}
}
@article{Kibble1967,
author = {Kibble, T. W. B.},
doi = {10.1103/PhysRev.155.1554},
issn = {0031-899X},
journal = {Physical Review},
number = {5},
pages = {1554--1561},
publisher = {American Physical Society},
title = {{Symmetry Breaking in Non-Abelian Gauge Theories}},
volume = {155},
year = {1967}
}
@article{Higgs1964a,
author = {Higgs, P. W.},
doi = {10.1016/0031-9163(64)91136-9},
issn = {0031-9163},
journal = {Physics Letters},
number = {2},
pages = {132--133},
publisher = {North-Holland},
title = {{Broken symmetries, massless particles and gauge fields}},
volume = {12},
year = {1964}
}
@article{Higgs1964,
author = {Higgs, Peter W.},
doi = {10.1103/PhysRevLett.13.508},
issn = {0031-9007},
journal = {Physical Review Letters},
number = {16},
pages = {508--509},
publisher = {American Physical Society},
title = {{Broken Symmetries and the Masses of Gauge Bosons}},
volume = {13},
year = {1964}
}
@article{PhysRev.127.965,
  title = {Broken Symmetries},
  author = {Goldstone, Jeffrey and Salam, Abdus and Weinberg, Steven},
  journal = {Phys. Rev.},
  volume = {127},
  issue = {3},
  pages = {965--970},
  numpages = {0},
  year = {1962},
  month = {Aug},
  publisher = {American Physical Society},
  doi = {10.1103/PhysRev.127.965},
  url = {https://link.aps.org/doi/10.1103/PhysRev.127.965}
}


@article{Higgs1966,
author = {Higgs, Peter W.},
doi = {10.1103/PhysRev.145.1156},
journal = {Physical Review},
number = {4},
pages = {1156--1163},
publisher = {American Physical Society},
title = {{Spontaneous Symmetry Breakdown without Massless Bosons}},
volume = {145},
year = {1966}
}
@article{tHooft1972,
abstract = {A new regularization and renormalization procedure is presented. It is particularly well suited for the treatment of gauge theories. The method works for theories that were known to be renormalizable as well as for Yang-Mills type theories. Overlapping divergencies are disentangled. The procedure respects unitarity, causality and allows shifts of integration variables. In non-anomalous cases also Ward identities are satisfied at all stages. It is transparent when anomalies, such as the Bell-Jackiw-Adler anomaly, may occur.},
author = {{'t Hooft}, G. and Veltman, M.},
doi = {10.1016/0550-3213(72)90279-9},
issn = {0550-3213},
journal = {Nuclear Physics B},
number = {1},
pages = {189--213},
publisher = {North-Holland},
title = {{Regularization and renormalization of gauge fields}},
volume = {44},
year = {1972}
}
@article{Glashow1959,
abstract = {A new and less restrictive criterion is deduced for the renormalizability of vector meson interactions. As an example, the electromagnetic interaction of a charged vector meson with unit anomalous magnetic moment is shown to be renormalizable. In order to construct a renormalizable theory of the elementary-particle decays in which such a particle plays the role of an intermediary, it is found necessary to assume an intimate connection between decay-inducing and electrodynamic interactions.},
author = {Glashow, Sheldon L.},
doi = {10.1016/0029-5582(59)90196-8},
issn = {0029-5582},
journal = {Nuclear Physics},
pages = {107--117},
publisher = {North-Holland},
title = {{The renormalizability of vector meson interactions}},
volume = {10},
year = {1959}
}
@article{Salam1959,
author = {Salam, Abdus and Ward, J. C.},
doi = {10.1007/BF02726525},
issn = {0029-6341},
journal = {Il Nuovo Cimento},
number = {4},
pages = {568--577},
publisher = {Societ{\`{a}} Italiana di Fisica},
title = {{Weak and electromagnetic interactions}},
volume = {11},
year = {1959}
}
@article{Weinberg1967,
author = {Weinberg, Steven},
doi = {10.1103/PhysRevLett.19.1264},
issn = {0031-9007},
journal = {Physical Review Letters},
number = {21},
pages = {1264--1266},
publisher = {American Physical Society},
title = {{A Model of Leptons}},
volume = {19},
year = {1967}
}
@article{Jackson2002,
author = {Jackson, J. D.},
doi = {10.1119/1.1491265},
issn = {0002-9505},
journal = {American Journal of Physics},
keywords = {41.,electric potential,electromagnetism,gauge field theory,teaching},
number = {9},
pages = {917--928},
publisher = {American Association of Physics Teachers},
title = {{From Lorenz to Coulomb and other explicit gauge transformations}},
volume = {70},
year = {2002}
}
@article{Dawson1999,
archivePrefix = {arXiv},
arxivId = {hep-ph/9901280},
author = {Dawson, S.},
eprint = {9901280},
title = {{Introduction to Electroweak Symmetry Breaking}},
year = {1999}
}
@book{Dirac1981,
author = {Dirac, Paul Adrien Maurice},
isbn = {9780198520115},
pages = {314},
publisher = {Clarendon Press},
title = {{The Principles of Quantum Mechanics}},
year = {1981},
edition = {Fourth}
}
@article{Cabibbo1963,
author = {Cabibbo, Nicola},
doi = {10.1103/PhysRevLett.10.531},
issn = {0031-9007},
journal = {Physical Review Letters},
number = {12},
pages = {531--533},
publisher = {American Physical Society},
title = {{Unitary Symmetry and Leptonic Decays}},
volume = {10},
year = {1963}
}
@article{10.1143/PTP.49.652,
    author = {Kobayashi, Makoto and Maskawa, Toshihide},
    title = "{CP-Violation in the Renormalizable Theory of Weak Interaction}",
    journal = {Progress of Theoretical Physics},
    volume = {49},
    number = {2},
    pages = {652-657},
    year = {1973},
    month = {02},
    abstract = "{In a framework of the renormalizable theory of weak interaction, problems of CP-violation are studied. It is concluded that no realistic models of CP-violation exist in the quartet scheme without introducing any other new fields. Some possible models of CP-violation are also discussed.}",
    issn = {0033-068X},
    doi = {10.1143/PTP.49.652},
    url = {https://doi.org/10.1143/PTP.49.652},
    eprint = {https://academic.oup.com/ptp/article-pdf/49/2/652/5257692/49-2-652.pdf},
}
@article{Kobayashi1973,
author = {Kobayashi, Makoto and Maskawa, Toshihide},
doi = {10.1143/PTP.49.652},
journal = {Progress of Theoretical Physics},
number = {2},
pages = {652--657},
publisher = {Narnia},
title = {{$CP$-Violation in the Renormalizable Theory of Weak Interaction}},
volume = {49},
year = {1973}
}
@article{Chau1984,
author = {Chau, Ling and Keung, Yee},
doi = {10.1103/PhysRevLett.53.1802},
journal = {Physical Review Letters},
title = {{Comments on the Parametrization of the Kobayashi--Maskawa Matrix}},
volume = {53},
issue = {19},
year = {1984},
publisher = {American Physical Society},
 pages = {1802--1805},
}
@article{Wolfenstein1983,
author = {Wolfenstein, Lincoln},
doi = {10.1103/PhysRevLett.51.1945},
issn = {0031-9007},
journal = {Physical Review Letters},
number = {21},
pages = {1945--1947},
publisher = {American Physical Society},
title = {{Parametrization of the Kobayashi-Maskawa Matrix}},
volume = {51},
year = {1983}
}
@article{Andersson1983,
author = {Andersson, B. and others},
doi = {10.1016/0370-1573(83)90080-7},
issn = {0370-1573},
journal = {Physics Reports},
number = {2-3},
pages = {31--145},
publisher = {North-Holland},
title = {{Parton fragmentation and string dynamics}},
volume = {97},
year = {1983}
}
@misc{Torbj,
author = {Sj{\"{o}}strand, Torbj{\"{o}}rn},
title = {{Old Ideas in Hadronization: The Lund String}},
note = {Speaking at \textit{New Ideas in Hadronization}, Durham (2009)},
url = {http://home.thep.lu.se/~torbjorn/talks/durham09.pdf},
urldate = {09/06/2019}
}
@misc{Quigg,
author = {Quigg, Chris},
title = {{Discovery of the Top Quark}},
url = {http://lutece.fnal.gov/Papers/PhysNews95.html},
urldate = {2019-06-09}
}
@article{Abe1995,
author = {{CDF Collaboration}},
doi = {10.1103/PhysRevLett.74.2626},
issn = {0031-9007},
journal = {Physical Review Letters},
number = {14},
pages = {2626--2631},
publisher = {American Physical Society},
title = {{Observation of Top Quark Production in pp Collisions with the Collider Detector at Fermilab}},
volume = {74},
year = {1995}
}
@article{Kodama_2001,
   title={Observation of tau neutrino interactions},
   volume={504},
   ISSN={0370-2693},
   url={http://dx.doi.org/10.1016/S0370-2693(01)00307-0},
   DOI={10.1016/s0370-2693(01)00307-0},
   number={3},
   journal={Physics Letters B},
   publisher={Elsevier BV},
   author={Kodama, K. and Ushida, N. and Andreopoulos, C. and Saoulidou, N. and Tzanakos, G. and Yager, P. and Baller, B. and Boehnlein, D. and Freeman, W. and Lundberg, B. and et al.},
   year={2001},
   month={Apr},
   pages={218â€“224}
}
@article{Abachi1995,
author = {{D0 Collaboration}},
doi = {10.1103/PhysRevLett.74.2632},
issn = {0031-9007},
journal = {Physical Review Letters},
number = {14},
pages = {2632--2637},
publisher = {American Physical Society},
title = {{Observation of the Top Quark}},
volume = {74},
year = {1995}
}
@article{Chatrchyan2012,
    author = "Chatrchyan, Serguei and others",
    collaboration = "CMS",
    title = "{Observation of a New Boson at a Mass of 125 GeV with the CMS Experiment at the LHC}",
    eprint = "1207.7235",
    archivePrefix = "arXiv",
    primaryClass = "hep-ex",
    reportNumber = "CMS-HIG-12-028, CERN-PH-EP-2012-220",
    doi = "10.1016/j.physletb.2012.08.021",
    journal = "Phys. Lett. B",
    volume = "716",
    pages = "30--61",
    year = "2012"
}
}
@article{Georgi1974,
author = {Georgi, Howard and Glashow, S. L.},
doi = {10.1103/PhysRevLett.32.438},
issn = {0031-9007},
journal = {Physical Review Letters},
number = {8},
pages = {438--441},
publisher = {American Physical Society},
title = {{Unity of All Elementary-Particle Forces}},
volume = {32},
year = {1974}
}
@book{Ross1985,
author = {Ross, Graham G.},
title = {{Grand Unified Theories (Frontiers in Physics)}},
publisher = {{CRC Press}},
year = {1985}
}
@inproceedings{Georgi1975,
author = {Georgi, Howard},
booktitle = {AIP Conference Proceedings},
doi = {10.1063/1.2947450},
issn = {0094-243X},
number = {1},
pages = {575--582},
publisher = {American Institute of Physics},
title = {{The State of the Art---Gauge Theories}},
volume = {23},
year = {1975}
}
@article{Ahmed2004,
author = {{SNO Collaboration}},
doi = {10.1103/PhysRevLett.92.102004},
issn = {0031-9007},
journal = {Physical Review Letters},
issue = {10},
number = {102004},
publisher = {American Physical Society},
title = {{Constraints on Nucleon Decay via Invisible Modes from the Sudbury Neutrino Observatory}},
volume = {92},
year = {2004}
}
@article{EINSTEIN1915,
author = {Einstein, A.},
journal = {Sitzung der physikalische-mathematischen Klasse},
pages = {844--847},
title = {{Die Feldgleichungen der Gravitation}},
url = {https://einsteinpapers.press.princeton.edu/vol6-doc/272},
volume = {25},
year = {1915},
note = {English translation at \url{https://einsteinpapers.press.princeton.edu/vol6-trans/129} (accessed on 12/06/2019).}
}
@book{Misner,
author = {Misner, Charles W. and Thorne, Kip S. and Wheeler, John Archibald},
isbn = {9780691177793},
title = {{Gravitation}},
publisher = {{Princeton University Press}},
edition = {2017},
year = {2017}
}
@article{Akiyama2019,
author = {{The Event Horizon Telescope Collaboration}},
doi = {10.3847/2041-8213/ab0ec7},
journal = {The Astrophysical Journal Letters},
title = {{First M87 Event Horizon Telescope Results. I. The Shadow of the Supermassive Black Hole}},
volume = {875},
number = {1},
year = {2019}
}
@article{Abbott2016,
author = {{LIGO Scientific Collaboration and Virgo Collaboration}},
doi = {10.1103/PhysRevLett.116.061102},issn = {0031-9007},
journal = {Physical Review Letters},
issue = {6},
number = {061102},
publisher = {American Physical Society},
title = {{Observation of Gravitational Waves from a Binary Black Hole Merger}},
volume = {116},
year = {2016}
}
@article{Castelvecchi2016,
author = {Castelvecchi, Davide},
doi = {10.1038/531428a},
issn = {0028-0836},
journal = {Nature},
number = {7595},
pages = {428--431},
title = {{The black-hole collision that reshaped physics}},
volume = {531},
year = {2016}
}
@book{Halzen2005,
author = {Halzen, Francis and Martin, Alan D.},
title = {{Quarks and Leptons: An Introductory Course in Modern Particle Physics}},
year = {1984},
publisher = {Wiley}
}
@misc{PDGGravity,
title = {Experimental Tests of Gravitational Theory},
author = {{Particle Data Group}},
url = {http://pdg.lbl.gov/2019/reviews/rpp2018-rev-gravity-tests.pdf},
urldate = {12/06/2019}
}
@misc{PDGHiggs,
title = {Status of Higgs Boson Physics},
author = {{Particle Data Group}},
url = {http://pdg.lbl.gov/2019/reviews/rpp2018-rev-higgs-boson.pdf},
urldate = {11/07/2019}
}
@misc{PDGTop,
title = {Top Quark},
author = {{Particle Data Group}},
url = {http://pdg.lbl.gov/2019/reviews/rpp2018-rev-top-quark.pdf},
urldate = {07/08/2019}
}
@article{Kaluza2018,
author = {Kaluza, T.},
doi = {10.1142/S0218271818700017},
journal = {International Journal of Modern Physics D},
issue = {14},
number = {1870001},
title = {{On the Unification Problem in Physics}},
volume = {27},
year = {2018, original 1921}
}
@article{KLEIN1926,
author = {Klein, Oskar},
doi = {10.1038/118516a0},
issn = {0028-0836},
journal = {Nature},
issue = {2971},
pages = {516},
publisher = {Nature Publishing Group},
title = {{The Atomicity of Electricity as a Quantum Theory Law}},
volume = {118},
year = {1926}
}
@article{Cao2016,
archivePrefix = {arXiv},
arxivId = {1606.08444},
author = {Cao, ChunJun and Carroll, Sean M. and Michalakis, Spyridon},
doi = {10.1103/PhysRevD.95.024031},
eprint = {1606.08444},
title = {{Space from Hilbert Space: Recovering Geometry from Bulk Entanglement}},
year = {2016}
}
@misc{Carroll,
author = {Carroll, Sean M.},
title = {{Space Emerging from Quantum Mechanics}},
url = {http://www.preposterousuniverse.com/blog/2016/07/18/space-emerging-from-quantum-mechanics/},
urldate = {12/06/2019}
}
@misc{SeanCarrollCernColloquium,
author = {Carroll, Sean M.},
title = {{The Many Worlds of Quantum Mechanics}},
note = {CERN Colloquium, 21/03/2019},
url = {https://cds.cern.ch/record/2668839}
}
@article{Collins2006,
archivePrefix = {arXiv},
author = {Collins, John and Perez, Alejandro and Sudarsky, Daniel},
eprint = {hep-th/0603002},
title = {{Lorentz Invariance Violation and its Role in Quantum Gravity Phenomenology}},
year = {2006}
}
@article{Mattingly2005,
author = {Mattingly, David},
doi = {10.12942/lrr-2005-5},issn = {2367-3613},
journal = {Living Reviews in Relativity},
issue = {1},
pages = {5},
publisher = {Springer International Publishing},
title = {{Modern Tests of Lorentz Invariance}},
volume = {8},
year = {2005}
}
@article{Liberati2013,
abstract = {We present an updated review of Lorentz invariance tests in Effective field theories (EFT) in the matter as well as in the gravity sector. After a general discussion of the role of Lorentz invariance and a derivation of its transformations along the so called von Ignatovski theorem, we present the dynamical frameworks developed within local EFT and the available constraints on the parameters governing the Lorentz breaking effects. In the end, we discuss two specific examples, the OPERA "affaire" and the case of Ho\v{r}ava-Lifshitz gravity. The first case will serve as an example, and a caveat, of the practical application of the general techniques developed for constraining Lorentz invariance violation (LIV) to a direct observation potentially showing these effects. The second case will show how the application of the same techniques to a specific quantum gravity scenario has far fetching implications not foreseeable in a purely phenomenological EFT approach.},
archivePrefix = {arXiv},
arxivId = {1304.5795},
author = {Liberati, Stefano},
doi = {10.1088/0264-9381/30/13/133001},
eprint = {1304.5795},
title = {{Tests of Lorentz invariance: a 2013 update}},
year = {2013}
}
@article{Bourgoin2017,
author = {Bourgoin, A. and others},
doi = {10.1103/PhysRevLett.119.201102},
issn = {0031-9007},
journal = {Physical Review Letters},
issue = {20},
number = {201102},
title = {{Lorentz Symmetry Violations from Matter--Gravity Couplings with Lunar Laser Ranging}},
volume = {119},
year = {2017}
}
@article{Flowers2017,
author = {Flowers, Natasha A. and Goodge, Casey and Tasson, Jay D.},
doi = {10.1103/PhysRevLett.119.201101},
issn = {0031-9007},
journal = {Physical Review Letters},
issue = {20},
number = {201101},
title = {{Superconducting-Gravimeter Tests of Local Lorentz Invariance}},
volume = {119},
year = {2017}
}
@article{Martin1997,
archivePrefix = {arXiv},
author = {Martin, Stephen P.},
eprint = {hep-ph/9709356v7},
title = {{A Supersymmetry Primer}},
year = {2016}
}
@misc{Haber2018,
author = {{Particle Data Group}},
title = {{Supersymmetry, Part I (Theory)}},
url = {http://pdg.lbl.gov/2019/reviews/rpp2018-rev-susy-1-theory.pdf},
urldate = {02/07/2019}
}
@misc{PDGSUSYII,
author = {{Particle Data Group}},
title = {{Supersymmetry, Part II (experiment)}},
url = {http://pdg.lbl.gov/2018/reviews/rpp2018-rev-susy-2-experiment.pdf},
urldate = {02/07/2019}
}
@misc{Hughes05,
author = {Hughes, Scott},
note = {{Lecture notes for MIT course 8.022}},
title = {{Introduction; Couloumb's Law; Superposition; Electric Energy}},
url = {http://web.mit.edu/sahughes/www/8.022/lec01.pdf},
urldate = {30/06/2019},
year = {2005}
}
@article{Csaki2013,
archivePrefix = {arXiv},
arxivId = {1602.04228v2},
author = {Cs{\'{a}}ki, Csaba and Tanedo, Philip},
eprint = {1602.04228v2},
title = {{Beyond the Standard Model; Lectures at the 2013 European School of High Energy Physics}},
year = {2013}
}
@book{Lamers2017,
author = {Lamers, Henny J. G. L. M and Levesque, Emily M},
doi = {10.1088/978-0-7503-1278-3},
isbn = {978-0-7503-1278-3},
publisher = {IOP Publishing},
title = {{Understanding Stellar Evolution}},
year = {2017}
}
@article{Adelberger2011,
author = {Adelberger, E. G. and others},
doi = {10.1103/RevModPhys.83.195},
issn = {0034-6861},
journal = {Reviews of Modern Physics},
number = {1},
pages = {195--245},
publisher = {American Physical Society},
title = {{Solar fusion cross sections. II. The $pp$ chain and CNO cycles}},
volume = {83},
year = {2011}
}
@article{Vinyoles2017,
author = {Vinyoles, N{\'{u}}ria and others},
doi = {10.3847/1538-4357/835/2/202},
journal = {The Astrophysical Journal},
issue = {2},
pages = {202},
publisher = {IOP Publishing},
title = {{A New Generation of Standard Solar Models}},
volume = {835},
year = {2017}
}
@article{Ahmad2001,
author = {{SNO Collaboration}},
doi = {10.1103/PhysRevLett.87.071301},
journal = {Physical Review Letters},
issue = {7},
number = {071301},
publisher = {American Physical Society},
title = {{Measurement of the Rate of $\nu_e + d \rightarrow p + p + e^-$ Interactions Produced by $^\text{8}\!$B Solar Neutrinos at the Sudbury Neutrino Observatory}},
volume = {87},
year = {2001}
}
@article{Pontecorvo1957,
author = {Pontecorvo, B.},
journal = {Journal of Experimental and Theoretical Physics},
pages = {247--249},
title = {{Inverse Beta Processes and Nonconservation of Lepton Charge}},
url = {http://www.jetp.ac.ru/files/pontecorvo1958_en.pdf},
urldate = {07/07/2019},
volume = {34},
year = {1958}
}
@article{Pontecorvo,
author = {Pontecorvo, B.},
title = {{Neutrino Experiments and the Problem of Conservation of Leptonic Charge}},
journal = {Journal of Experimental and Theoretical Physics},
volume = {26},
number = {5},
pages = {984--988},
url = {http://www.jetp.ac.ru/cgi-bin/dn/e_026_05_0984.pdf},
urldate = {07/07/2019},
year = {1968}
}
@article{Ahmad2002,
author = {{SNO Collaboration}},
doi = {10.1103/PhysRevLett.89.011301},
journal = {Physical Review Letters},
issue = {1},
number = {011301},
publisher = {American Physical Society},
title = {{Direct Evidence for Neutrino Flavor Transformation from Neutral-Current Interactions in the Sudbury Neutrino Observatory}},
volume = {89},
year = {2002}
}
@article{Maki1962,
author = {Maki, Ziro and Nakagawa, Masami and Sakata, Shoichi},
doi = {10.1143/PTP.28.870},
journal = {Progress of Theoretical Physics},
number = {5},
pages = {870--880},
title = {{Remarks on the Unified Model of Elementary Particles}},
volume = {28},
year = {1962}
}
@article{Bahcall2004,
author = {Bahcall, John N and Pe{\~{n}}a-Garay, Carlos},
doi = {10.1088/1367-2630/6/1/063},
journal = {New Journal of Physics},
issue = {1},
pages = {63},
publisher = {IOP Publishing},
title = {{Solar models and solar neutrino oscillations}},
volume = {6},
year = {2004}
}
@article{Dirac1928,
author = {Dirac, P. A. M.},
doi = {10.1098/rspa.1928.0023},
issn = {1364-5021},
journal = {Proceedings of the Royal Society A: Mathematical, Physical and Engineering Sciences},
number = {778},
pages = {610--624},
title = {{The Quantum Theory of the Electron}},
volume = {117},
year = {1928}
}
@article{Majorana1937,
author = {Majorana, Ettore},
doi = {10.1007/BF02961314},
journal = {Il Nuovo Cimento},
number = {4},
pages = {171--184},
publisher = {Societ{\`{a}} Italiana di Fisica},
title = {{Teoria simmetrica dell'elettrone e del positrone}},
volume = {14},
year = {1937}
}
@article{Dolinski2019,
archivePrefix = {arXiv},
arxivId = {1902.04097},
author = {Dolinski, Michelle J. and Poon, Alan W. P. and Rodejohann, Werner},
eprint = {1902.04097},
title = {{Neutrinoless Double-Beta Decay: Status and Prospects}},
year = {2019}
}
@article{Arnold2014,
author = {{NEMO-3 Collaboration}},
doi = {10.1103/PhysRevD.89.111101},
issn = {1550-7998},
journal = {Physical Review D},
issue = {11},
number = {111101(R)},
publisher = {American Physical Society},
title = {{Search for neutrinoless double-beta decay of $^\text{100}\!$Mo with the NEMO-3 detector}},
volume = {89},
year = {2014}
}
@article{Arnold2010,
author = {{SuperNEMO Collaboration}},
doi = {10.1140/epjc/s10052-010-1481-5},
journal = {The European Physical Journal C},
number = {4},
pages = {927--943},
publisher = {Springer-Verlag},
title = {{Probing new physics models of neutrinoless double beta decay with SuperNEMO}},
volume = {70},
year = {2010}
}
@article{Andringa2016,
author = {{SNO+ Collaboration}},
doi = {10.1155/2016/6194250},
issn = {1687-7357},
journal = {Advances in High Energy Physics},
pages = {1--21},
publisher = {Hindawi},
title = {{Current Status and Future Prospects of the SNO+ Experiment}},
volume = {2016},
year = {2016}
}
@article{Minkowski1977,
author = {Minkowski, Peter},
doi = {10.1016/0370-2693(77)90435-X},
issn = {0370-2693},
journal = {Physics Letters B},
number = {4},
pages = {421--428},
publisher = {North-Holland},
title = {$\mu \rightarrow e \gamma$ at a rate of one out of $10^9$ muon decays?},
volume = {67},
year = {1977}
}
@article{Yanagida1980,
author = {Yanagida, T.},
doi = {10.1143/PTP.64.1103},
journal = {Progress of Theoretical Physics},
number = {3},
pages = {1103--1105},
publisher = {Narnia},
title = {{Horizontal Symmetry and Masses of Neutrinos}},
volume = {64},
year = {1980}
}

@article{Mohapatra1980,
author = {Mohapatra, Rabindra N. and Senjanovi{\'{c}}, Goran},
doi = {10.1103/PhysRevLett.44.912},
issn = {0031-9007},
journal = {Physical Review Letters},
number = {14},
pages = {912--915},
publisher = {American Physical Society},
title = {{Neutrino Mass and Spontaneous Parity Nonconservation}},
volume = {44},
year = {1980}
}

@article{Schechter1980,
author = {Schechter, J. and Valle, J. W. F.},
doi = {10.1103/PhysRevD.22.2227},
issn = {0556-2821},
journal = {Physical Review D},
number = {9},
pages = {2227--2235},
publisher = {American Physical Society},
title = {{Neutrino masses in $SU(2) \otimes U(1)$ theories}},
volume = {22},
year = {1980}
}
@misc{Klauber,
author = {Klauber, Robert D},
title = {{The Seesaw Mechanism}},
url = {http://www.quantumfieldtheory.info/TheSeesawMechanism.htm},
urldate = {26/06/2019}
}
@misc{CERN-antimatter,
title = {{The matter-antimatter asymmetry problem}},
author = {{CERN}},
url = {https://home.cern/science/physics/matter-antimatter-asymmetry-problem},
urldate = {26/06/2019}
}
@article{Canetti2012,
author = {Canetti, Laurent and Drewes, Marco and Shaposhnikov, Mikhail},
doi = {10.1088/1367-2630/14/9/095012},
journal = {New Journal of Physics},
issue = {9},
number = {095012},
publisher = {IOP Publishing},
title = {{Matter and antimatter in the universe}},
volume = {14},
year = {2012}
}
@article{Ade2016,
author = {{Planck Collaboration}},
doi = {10.1051/0004-6361/201525830},
journal = {Astronomy \& Astrophysics},
number = {A13},
publisher = {EDP Sciences},
title = {{Planck 2015 results}},
volume = {594},
year = {2016}
}
@misc{CERN-LHCb-CP,
title = {{LHCb sees a new flavour of matterâ€“antimatter asymmetry}},
author = {{CERN}},
url = {https://home.cern/news/press-release/physics/lhcb-sees-new-flavour-matter-antimatter-asymmetry},
urldate = {2019-06-26}
}
@article{PhysRevLett.122.211803,
  title = {Observation of $CP$ Violation in Charm Decays},
  author = {{LHCb Collaboration}},
  journal = {Physical Review Letters},
  volume = {122},
  issue = {21},
  number = {211803},
  numpages = {12},
  year = {2019},
  publisher = {American Physical Society},
  doi = {10.1103/PhysRevLett.122.211803},
}
@misc{QuantaMag,
title = {{Do Neutrinos Explain Matter-Antimatter Asymmetry?}},
author = {Wolchover, Natalie},
url = {https://www.quantamagazine.org/do-neutrinos-explain-matter-antimatter-asymmetry-20160728/},
urldate = {2019-06-26}
}
@article{Felipe2011,
archivePrefix = {arXiv},
arxivId = {1108.2694},
author = {Felipe, R. Gonzalez},
eprint = {1108.2694},
title = {{Neutrinos and the matter-antimatter asymmetry in the Universe}},
year = {2011}
}
@article{Rubin1970,
author = {Rubin, Vera C. and Ford, {W. Kent, Jr.}},
doi = {10.1086/150317},
journal = {The Astrophysical Journal},
pages = {379},
title = {{Rotation of the Andromeda Nebula from a Spectroscopic Survey of Emission Regions}},
volume = {159},
year = {1970}
}
@article{Rubin1985,
author = {Rubin, V. C. and others},
doi = {10.1086/162866},
journal = {The Astrophysical Journal},
pages = {81},
title = {{Rotation velocities of 16 SA galaxies and a comparison of Sa, Sb, and SC rotation properties}},
volume = {289},
year = {1985}
}
@article{Freese2008,
archivePrefix = {arXiv},
arxivId = {0812.4005},
author = {Freese, Katherine},
doi = {10.1051/eas/0936016},
eprint = {0812.4005},
title = {{Review of Observational Evidence for Dark Matter in the Universe and in upcoming searches for Dark Stars}},
year = {2008}
}
@article{Cembranos2016,
author = {Cembranos, Jose A. R.},
doi = {10.1088/1742-6596/718/3/032004},
journal = {Journal of Physics: Conference Series},
issue = {3},
number = {032004},
publisher = {IOP Publishing},
title = {{Modified gravity and dark matter}},volume = {718},
year = {2016}
}
@article{Salucci2019,
author = {Salucci, Paolo},
doi = {10.1007/s00159-018-0113-1},
journal = {The Astronomy and Astrophysics Review},
issue = {1},
number = {2},
publisher = {Springer Berlin Heidelberg},
title = {{The distribution of dark matter in galaxies}},
volume = {27},
year = {2019}
}
@article{Jarosik2010,
archivePrefix = {arXiv},
arxivId = {1001.4744v1},
author = {Jarosik, N and others},
eprint = {1001.4744v1},
title = {{Seven-Year Wilkinson Microwave Anisotropy Probe (WMAP) Observations: Sky Maps, Systematic Errors, and Basic Results}},
year = {2010}
}
@article{Salvatelli2013,
author = {Salvatelli, Valentina and others},
doi = {10.1103/PhysRevD.88.023531},
issn = {1550-7998},
journal = {Physical Review D},
issue = {2},
number = {023531},
publisher = {American Physical Society},
title = {{New constraints on coupled dark energy from the Planck satellite experiment}},
volume = {88},
year = {2013}
}
@misc{CamPlanck,
title = {{Planck captures portrait of the young Universe, revealing earliest light}},
author = {{University of Cambridge}},
url = {https://www.cam.ac.uk/research/news/planck-captures-portrait-of-the-young-universe-revealing-earliest-light},
urldate = {2019-06-28}
}
@inbook{Zweig:1964jf,
    author = "Zweig, G.",
    editor = "Lichtenberg, D.B. and Rosen, Simon Peter",
    booktitle = "{DEVELOPMENTS IN THE QUARK THEORY OF HADRONS. VOL. 1. 1964 - 1978}",
    month = "2",
    pages = "22--101",
    reportNumber = "CERN-TH-412, NP-14146, PRINT-64-170",
    title = "{An SU(3) model for strong interaction symmetry and its breaking. Version 2}",
    year = "1964"
}
@article{Kim2009,
author = {Kim, Jihn E. and others},
doi = {10.1063/1.3327743},
journal = {AIP Conference Proceedings},
pages = {83--92},
title = {{A review on axions and the strong CP problem}},
volume = {1200},
year = {2009}
}
@misc{Ringwald2018,
author = {{Particle Data Group}},
title = {{Axions and Other Similar Particles}},
url = {http://pdg.lbl.gov/2019/reviews/rpp2018-rev-axions.pdf},
urldate = {29/06/2019},
year = {2018}
}
@article{Arcadi,
author = {Arcadi, Giorgio},
doi = {10.1088/1742-6596/718/4/042003},
title = {{Dark matter phenomenology of GUT inspired simplified models}},
publisher = {{IOP Publishing}},
journal = {{Journal of Physics: Conference Series}},
volume = {718},
year = {2016},
number = {042003}
}
@inproceedings{Queiroz,
author = {Queiroz, Farinaldo S},
title = {{Dark Matter Overview: Collider, Direct and Indirect Detection Searches}},
booktitle = {Proceedings of the 51st Recontres de Moriond on Electroweak Interactions and Unified Theories},
url = {http://inspirehep.net/record/1466249/},
year = {2016},
pages = {427--436},
publisher = {{ARISF}},
}
@article{Conrad,
archivePrefix = {arXiv},
arxivId = {1411.1925v1},
author = {Conrad, Jan},
eprint = {1411.1925v1},
title = {{Indirect Detection of WIMP Dark Matter: a compact review}},
}
@techreport{Schumann,
archivePrefix = {arXiv},
arxivId = {1903.03026v1},
author = {Schumann, Marc},
eprint = {1903.03026v1},
title = {{Direct Detection of WIMP Dark Matter: Concepts and Status}},
}
@article{Boveia2018,
author = {Boveia, Antonio and Doglioni, Caterina},
doi = {10.1146/annurev-nucl-101917-021008},
title = {{Dark Matter Searches at Colliders}},
journal = {Annual Review of Nuclear and Particle Science},
volume = {68},
number = {1},
pages = {429-459},
year = {2018},
}
@misc{pseudotop,
url = {https://twiki.cern.ch/twiki/bin/view/LHCPhysics/ParticleLevelTopDefinitions?rev=17},
author = {{LHC Top Working Group}},
urldate = {21/07/2019},
title = {Particle level objects and pseudo-top-quark definitions}
}
@misc{Mallory1923,
title = {{``Because it's there.'' -- George Mallory}},
author = {{The New York Times}},
year = {1923},
url = {http://graphics8.nytimes.com/packages/pdf/arts/mallory1923.pdf},
urldate = {21/07/2019}
}
@article{Buchmuller:163116,
    author = "Buchmuller, W. and Wyler, D.",
    title = "{Effective Lagrangian Analysis of New Interactions and Flavor Conservation}",
    reportNumber = "CERN-TH-4254/85",
    doi = "10.1016/0550-3213(86)90262-2",
    journal = "Nucl. Phys. B",
    volume = "268",
    pages = "621--653",
    year = "1986"
}
@article{de_Blas_2013,
    author = "de Blas, Jorge and Chala, Mikael and Santiago, Jose",
    title = "{Global Constraints on Lepton-Quark Contact Interactions}",
    eprint = "1307.5068",
    archivePrefix = "arXiv",
    primaryClass = "hep-ph",
    doi = "10.1103/PhysRevD.88.095011",
    journal = "Phys. Rev. D",
    volume = "88",
    pages = "095011",
    year = "2013"
}
@article{Frederix07,
title = {Top pair invariant mass distribution: a window on new physics},
author = {Frederix, R and Maltoni, F},
year = {2009},
doi = {10.1088/1126-6708/2009/01/047},
journal = {Journal of High Energy Physics},
volume = {01},
number = {047}
}
@article{Grzadkowski_2010,
    author = "Grzadkowski, B. and Iskrzynski, M. and Misiak, M. and Rosiek, J.",
    title = "{Dimension-Six Terms in the Standard Model Lagrangian}",
    eprint = "1008.4884",
    archivePrefix = "arXiv",
    primaryClass = "hep-ph",
    reportNumber = "IFT-9-2010, TTP10-35",
    doi = "10.1007/JHEP10(2010)085",
    journal = "JHEP",
    volume = "10",
    pages = "085",
    year = "2010"
}
@article{Atwood95,
title = {Constraining anomalous top quark couplings at the Fermilab Tevatron},
author = {Atwood, D and Kagan, A and Rizzo T. G.},
year = {1995},
volume = {52},
issue = {11},
number = {6264},
journal = {Physical Review D},
doi = {10.1103/PhysRevD.52.6264}
}
@article{Englert13,
title = {Constraining the intrinsic structure of top-quarks},
author = {Englert, C and Freitas, A and Spira, M and Zerwas, P. M.},
doi = {10.1016/j.physletb.2013.03.017},
year = {2013},
journal = {Physics Letters B},
volume = {721},
issue = {4--5},
pages = {261--268}
}
@article{Czakon17,
title = {Top-pair production at the LHC through NNLO QCD and NLO EW},
author = {Czakon, M. and others},
journal = {Journal of High Energy Physics},
volume = {2017},
year = {2017},
number = {186},
doi = {10.1007/JHEP10(2017)186}
}
@article{Czakon16,
title = {High-Precision Differential Predictions for Top-Quark Pairs at the LHC},
author = {Czakon, M and Heymes, D and Mitov, A},
journal = {Physical Review Letters},
volume = {116},
year = {2016},
number = {082003},
doi = {10.1103/PhysRevLett.116.082003}
}
@article{Czakon13,
title = {Total Top-Quark Pair-Production Cross Section at Hadron Colliders Through $\mathcal{O}(\alpha_S^4)$},
authors = {Czakon, M and Fiedler, P and Mitov, A},
journal = {Physical Review Letters},
volume = {110},
year = {2013},
issue = {25},
number = {252004},
doi = {10.1103/PhysRevLett.110.252004}
}
@article{Czakon12,
title = {NNLO corrections to top-pair production at hadron colliders: the all-fermionic scattering channels},
authors = {Czakon, M and Mitov, A},
journal = {Journal of High Energy Physics},
volume = {2012},
year = {2012},
number = {54},
doi = {10.1007/JHEP12(2012)054}
}
@article{TikzFeynman,
title = {TikZ-Feynman: Feynman diagrams with TikZ},
author = {Ellis, J P},
year = {2017},
doi = {10.1016/j.cpc.2016.08.019},
journal = {Computer Physics Communications},
volume = {210},
pages = {103--123}
}
@misc{LHCTopWGPlots,
title = {LHC Top Working Group Summary Plots},
author = {{LHC Top Working Group} },
url = {https://twiki.cern.ch/twiki/bin/view/LHCPhysics/LHCTopWGSummaryPlots},
urldate = {07/08/2019}
}
@misc{Bethani,
title = {Higgs physics at the LHC: Beyond the standard model},
author = {Bethani, A},
url = {https://www.qmul.ac.uk/spa/media/pprc/events/Higgs_Seminar_QMUL.pdf},
urldate = {07/08/2019}
}
@misc{Vickey,
author = {Vickey, T},
title = {Searching for additional Higgs bosons at the CERN Large Hadron Collider},
url = {https://www2.physics.ox.ac.uk/sites/default/files/page/2012/03/27/tvickey-bsm-higgs-oxford-november-21-2017-42254.pdf},
urldate ={07/08/2019}
}
@article{Aad_2012,
    author = "Aad, Georges and others",
    collaboration = "ATLAS",
    title = "{Observation of a new particle in the search for the Standard Model Higgs boson with the ATLAS detector at the LHC}",
    eprint = "1207.7214",
    archivePrefix = "arXiv",
    primaryClass = "hep-ex",
    reportNumber = "CERN-PH-EP-2012-218",
    doi = "10.1016/j.physletb.2012.08.020",
    journal = "Phys. Lett. B",
    volume = "716",
    pages = "1--29",
    year = "2012"
}

@article{Jung12,
author = {Jung, A. W.},
title = {Top differential cross section measurements (Tevatron)},
archivePrefix = {arXiv},
eprint = {1201.2660},
year = {2012}
}
@article{CDF09,
author = {{CDF Collaboration}},
title = {First Measurement of the $t\overline{t}$ Differential Cross Section $\mathrm{d}\sigma/\mathrm{d}M_{t\overline{t}}$ in $p\overline{p}$ collisions at $\sqrt{s}=$ 1.96 TeV},
journal = {Physical Review Letters},
volume = {102},
year = {2009},
number = {222003},
doi = {10.1103/PhysRevLett.102.222003}
}
@article{D010,
author = {{D0 Collaboration}},
title = {Dependence of the $t\overline{t}$ production cross section on the transverse momentum of the top quark},
journal = {Physics Letters B},
volume = {693},
issue = {5},
year = {2010},
pages = {515--521},
doi = {10.1016/j.physletb.2010.09.011}
}
@article{Peters15,
author = {Peters, R. Y.},
title = {Top Quark Pair Production Cross Section at the Tevatron},
archivePrefix = {arXiv},
eprint = {1509.07629v1},
year = {2015},
}
@article{D014,
author = {{D0 Collaboration}},
title = {{Measurement of differential $t\overline{t}$ production cross sections in $p\overline{p}$ collisions}},
journal = {Physical Review D},
volume = {90},
year = {2014},
number = {092006},
doi = {10.1103/PhysRevD.90.092006}
}
@article{Wang18,
author = {Wang, S. Q. and others},
title = {A precise determination of the top-quark pole mass},
journal = {The European Physical Journal C},
year = {2018},
volume = {78},
number = {237},
doi = {10.1140/epjc/s10052-018-5688-1}
}
@misc{wiki:xxx,
   title = "Standard Model --- {Wikipedia}{,} The Free Encyclopedia",
   author = "{Wikipedia contributors}",
   year = "2020",
   url = "https://en.wikipedia.org/w/index.php?title=Standard_Model&oldid=962563337",
   urldate = {13/07/2019}
}

@book{stephanhaywood,
   author = {Haywood, Stephen},
   isbn = {9781848166592},
   publisher = {World Scientific},
   title = {{Symmetries and conservation laws in particle physics: An introduction to group theory for particle physicists}},
   year = {2010}
}
@article{Anthony_2005,
   title={Precision Measurement of the Weak Mixing Angle in MÃ¸ller Scattering},
   volume={95},
   ISSN={1079-7114},
   url={http://dx.doi.org/10.1103/PhysRevLett.95.081601},
   DOI={10.1103/physrevlett.95.081601},
   number={8},
   journal={Physical Review Letters},
   publisher={American Physical Society (APS)},
   author={Anthony, P. L. and Arnold, R. G. and Arroyo, C. and Bega, K. and Biesiada, J. and Bosted, P. E. and Bower, G. and Cahoon, J. and Carr, R. and Cates, G. D. and et al.},
   year={2005},
   month={Aug}
}
@article{Aad_2014,
   title={Search for contact interactions and large extra dimensions in the dilepton channel using protonâ€“proton collisions at $$\sqrt{s}~=$$ s = Â 8Â TeV with the ATLAS detector},
   volume={74},
   ISSN={1434-6052},
   url={http://dx.doi.org/10.1140/epjc/s10052-014-3134-6},
   DOI={10.1140/epjc/s10052-014-3134-6},
   number={12},
   journal={The European Physical Journal C},
   publisher={Springer Science and Business Media LLC},
   author={Aad, G. and Abbott, B. and Abdallah, J. and Abdel Khalek, S. and Abdinov, O. and Aben, R. and Abi, B. and Abolins, M. and AbouZeid, O. S. and et al.},
   year={2014},
   month={Dec}
}
@article{Schael:2006wu,
    author = "Schael, S. and others",
    collaboration = "ALEPH",
    title = "{Fermion pair production in $e^{+} e^{-}$ collisions at 189-209-GeV and constraints on physics beyond the standard model}",
    eprint = "hep-ex/0609051",
    archivePrefix = "arXiv",
    doi = "10.1140/epjc/s10052-006-0156-8",
    journal = "Eur. Phys. J. C",
    volume = "49",
    pages = "411--437",
    year = "2007"
}
@article{Abdallah:2005ph,
    author = "Abdallah, J. and others",
    collaboration = "DELPHI",
    title = "{Measurement and interpretation of fermion-pair production at LEP energies above the Z resonance}",
    eprint = "hep-ex/0512012",
    archivePrefix = "arXiv",
    reportNumber = "CERN-PH-EP-2005-045",
    doi = "10.1140/epjc/s2005-02461-0",
    journal = "Eur. Phys. J. C",
    volume = "45",
    pages = "589--632",
    year = "2006"
}
@inproceedings{Wing:2013sv,
    author = "Wing, Matthew",
    collaboration = "H1, ZEUS",
    title = "{Measurements of deep inelastic scattering at HERA}",
    booktitle = "{32nd International Symposium on Physics in Collision}",
    eprint = "1301.7572",
    archivePrefix = "arXiv",
    primaryClass = "hep-ex",
    pages = "93--106",
    month = "1",
    year = "2013"
}
@article{Chekanov:2003pw,
    author = "Chekanov, S. and others",
    collaboration = "ZEUS",
    title = "{Search for contact interactions, large extra dimensions and finite quark radius in e p collisions at HERA}",
    eprint = "hep-ex/0401009",
    archivePrefix = "arXiv",
    reportNumber = "DESY-03-218",
    doi = "10.1016/j.physletb.2004.03.081",
    journal = "Phys. Lett. B",
    volume = "591",
    pages = "23--41",
    year = "2004"
}
@inproceedings{Orejudos:2002ua,
    author = "Orejudos, W.",
    collaboration = "CDF, D0",
    title = "{Searches at the Tevatron}",
    booktitle = "{31st International Conference on High Energy Physics}",
    reportNumber = "FERMILAB-CONF-02-268-E",
    pages = "749--752",
    month = "10",
    year = "2002"
}
@article{Abbott:1998rr,
    author = "Abbott, B. and others",
    collaboration = "D0",
    title = "{Measurement of the high mass Drell-Yan cross-section and limits on quark electron compositeness scales}",
    eprint = "hep-ex/9812010",
    archivePrefix = "arXiv",
    reportNumber = "FERMILAB-PUB-98-391-E",
    doi = "10.1103/PhysRevLett.82.4769",
    journal = "Phys. Rev. Lett.",
    volume = "82",
    pages = "4769--4774",
    year = "1999"
}
@article{Weinberg:1979sa,
    author = "Weinberg, Steven",
    title = "{Baryon and Lepton Nonconserving Processes}",
    reportNumber = "HUTP-79-A050",
    doi = "10.1103/PhysRevLett.43.1566",
    journal = "Phys. Rev. Lett.",
    volume = "43",
    pages = "1566--1570",
    year = "1979"
}
@article{Drell:1970yt,
    author = "Drell, S.D. and Yan, Tung-Mow",
    title = "{Partons and their Applications at High-Energies}",
    reportNumber = "SLAC-PUB-0808",
    doi = "10.1016/0003-4916(71)90071-6",
    journal = "Annals Phys.",
    volume = "66",
    pages = "578",
    year = "1971"
}
@article{Campbell:2006wx,
    author = "Campbell, John M. and Huston, J.W. and Stirling, W.J.",
    title = "{Hard Interactions of Quarks and Gluons: A Primer for LHC Physics}",
    eprint = "hep-ph/0611148",
    archivePrefix = "arXiv",
    doi = "10.1088/0034-4885/70/1/R02",
    journal = "Rept. Prog. Phys.",
    volume = "70",
    pages = "89",
    year = "2007"
}
